
%@STRING( IJCV = {International Journal of Computer Vision})
@STRING( IJCV = {IJCV})

%@STRING( CVIU = {Computer Vision and Image Understanding})
@STRING( CVIU = {CVIU})Journal of Machine Learning Research

% @STRING( PAMI = {IEEE Transactions on Pattern Analysis and Machine Intelligence})
@STRING( PAMI = {PAMI})

%@STRING( CVGIP = {Computer Vision Graphics and Image Processing})
@STRING( CVGIP = {CVGIP})

%@STRING( ICIP = {IAPR International Conference on Image Processing})
@STRING( ICIP = {ICIP})
		  
%@STRING( CVPR = {IEEE Conference on Computer Vision and Pattern  Recognition})
@STRING( CVPR = {CVPR})

%@STRING( ECCV = {European Conference on Computer Vision})
@STRING( ECCV = {ECCV})		  

%@STRING( ACCV = {Asian Conference on Computer Vision})
@STRING( ACCV = {ACCV})

%@STRING( EMNLP = {Conference on Empirical Methods in Natural Language Processing})
@STRING( EMNLP = {EMNLP})

%@STRING( ICCV = {IEEE International Conference on Computer Vision})
@STRING( ICCV = {ICCV})		  

%@STRING( ICRA = {IEEE International Conference on Robotics and Automation})
@STRING( ICRA = {ICRA})

%@STRING( IROS = {IEEE/RSJ International Conference on Intelligent Robots and Systems})
@STRING( IROS = {IROS})

%@STRING( ICML = {International Conference on Machine Learning})
@STRING( ICML = {ICML})

%@STRING( NIPS = {Advances in Neural Information Processing Systems})
@STRING( NIPS = {NIPS}){British Machine Vision Conference}

%@STRING( FG = {IEEE Int.~Conf.~Automatic Face and  Gesture Recognition})		  
@STRING( FG = {IEEE International Conference on Automatic Face and 
                     Gesture Recognition})		  

%@STRING( IVC = {Image and Vision Computing})
@STRING( IVC = {IVC})

%@STRING( ICD; = {{International Conference on Data Mining}})
@STRING( ICDM = {ICDM})

%@STRING( MMM = {International Conference on Multimedia Modeling})
@STRING( MMM = {MMM})Advances in Neural Information Processing Systems

%@STRING( UAI={Conference on Uncertainty in Artificial Intelligence})
@STRING(UAI ={UAI})

%@STRING( NAACL={Conference of the North American Chapter of the Association for Computational Linguistics})
@STRING(NAACL ={NAACL})

%@STRING( KDD={{ACM SIGKDD Conference on Knowledge Discovery and Data Mining}})
@STRING(KDD ={KDD})

%@STRING( WWW={International World Wide Web Conference})
@STRING(WWW ={WWW})

%@STRING( TVX = {ACM International Conference on Interactive Experiences for Tekevision and Online Video})
@STRING(TVX={TVX})

@STRING(JMLR={JMLR})
@STRING(ICPR={ICPR})

@STRING(ICLR={ICLR})
@STRING(BMVC={BMVC})


@article{bertilson2007pain,
  title={Pain Drawing in the Assessment of Neurogenic Pain and Dysfunction in the Neck/Shoulder Region: Inter-Examiner Reliability and Concordance with Clinical Examination},
  author={B.~C.~Bertilson  and M.~Grunnesj{\"o}and S.E.~ Johansson and L.E.~Strende },
  journal={Pain medicine},
  volume={8},
  number={2},
  pages={134--146},
  year={2007},
  publisher={Wiley Online Library}
}

@article{bertilson2010assessment,
  title={Assessment of nerve involvement in the lumbar spine: agreement between magnetic resonance imaging, physical examination and pain drawing findings},
  author={B.~C.~Bertilson and E.~Brosj{\"o} and H.~Billing and L.~E.~Strender},
  journal={BMC musculoskeletal disorders},
  volume={11},
  number={1},
  pages={1},
  year={2010},
  publisher={BioMed Central}
}
@article{albeck1996critical,
  title={A critical assessment of clinical diagnosis of disc herniation in patients with monoradicular sciatica},
  author={M.~J.~Albeck},
  journal={Acta neurochirurgica},
  volume={138},
  number={1},
  pages={40--44},
  year={1996},
  publisher={Springer}
}
@article{bertilson2003reliability,
  title={Reliability of clinical tests in the assessment of patients with neck/shoulder problems?impact of history},
  author={B.~C.~Bertilson and M.~Grunnesj{\"o} and L.~E.~Strender },
  journal={Spine},
  volume={28},
  number={19},
  pages={2222--2231},
  year={2003},
  publisher={LWW}
}

@article{ransford1976pain,
  title={The Pain Drawing as an Aid to the Psychologic Evaluation of Patients With Low-Back Pain.},
  author={A.~O.~Ransford  and D.~Cairns and V.~Mooney},
  journal={Spine},
  volume={1},
  number={2},
  pages={127--134},
  year={1976},
  publisher={LWW}
}
@article{tanaka2006cervical,
  title={Cervical roots as origin of pain in the neck or scapular regions},
  author={Y.~Tanaka and S.~Kokubun  and T.~Sato and H.~Ozawa },
  journal={Spine},
  volume={31},
  number={17},
  pages={E568--E573},
  year={2006},
  publisher={LWW}
}
@article{ohnmeiss1999relation,
  title={Relation between pain location and disc pathology: a study of pain drawings and CT/discography},
  author={D.~Ohnmeiss  and H.~Vanharanta and J.~Ekholm},
  journal={The Clinical journal of pain},
  volume={15},
  number={3},
  pages={210--217},
  year={1999},
  publisher={LWW}
}
@article{kukar1999analysing,
  title={Analysing and improving the diagnosis of ischaemic heart disease with machine learning},
  author={M.~Kukar  and I.~Kononenko and C.~Gro{\v{s}}elj and C.~Kralj and J.~Fettich},
  journal={Artificial intelligence in medicine},
  volume={16},
  number={1},
  pages={25--50},
  year={1999},
  publisher={Elsevier}
}
@article{margolis1986rating,
  title={A rating system for use with patient pain drawings},
  author={R.~B.~Margolis and R.~C.~Tait and S.~J.~Krause},
  journal={Pain},
  volume={24},
  number={1},
  pages={57--65},
  year={1986},
  publisher={Elsevier}
}
@article{vucetic1995pain,
  title={Pain and pathology in lumbar disc hernia.},
  author={N.~Vucetic and H~M{\"a}{\"a}tt{\"a}nen and O~Svensson},
  journal={Clinical orthopaedics and related research},
  volume={320},
  pages={65--72},
  year={1995},
  publisher={LWW}
}
@inproceedings{mairal2009online,
  title={{Online dictionary learning for sparse coding}},
  author={Mairal, Julien and Bach, Francis and Ponce, Jean and Sapiro, Guillermo},
  booktitle={International Conference on Machine Learning},
  pages={689--696},
  year={2009},
}
@inproceedings{hoffman2010online,
  title={{Online learning for Latent Dirichlet Allocation}},
  author={M.~Hoffman and F.~R.~Bach and D.~M.~Blei},
  booktitle={Advances in Neural Information Processing Systems},
  year={2010}
}
@inproceedings{ranganath2013adaptive,
  title={{An adaptive learning rate for Stochastic Variational Inference}},
  author={R.~Ranganath and C.~Wang and D.~Blei and E.~Xing},
  booktitle={International Conference on Machine Learning},
  year={2013}
}



@INPROCEEDINGS{tang15understanding,
  title={{Understanding the Limiting Factors of Topic Modeling via
Posterior Contraction Analysis}},
  author={J.~Tang and Z.~Meng and X.~Nguyen and Q.~Mei and M.~Zhang},
  booktitle={International Conference on Machine Learning}, 
  year={2014}
}

@article{blei03latent,
  title={{Latent Dirichlet Allocation}},
  author={D.~M.~Blei and A.~Y.~Ng and M.~I.~Jordan},
  journal={Journal of Machine Learning Research},
  volume={3},
  pages={993--1022},
  year={2003},
  publisher={JMLR. org}
}
@inproceedings{wang2011online,
  title={Online Variational Inference for the Hierarchical Dirichlet Process.},
  author={C.~Wang and J.~Paisley and D.~M.~Blei},
  booktitle={International Conference on Artificial Intelligence and Statistics},
  year={2011}
}

@inproceedings{zhang13contextual,
 author = {C.~Zhang and D.~Song and H.~Kjellstrom},
 title = {{Contextual Modeling with Labeled Multi-LDA}},
 booktitle = {IEEE/RSJ International Conference on Intelligent Robots and Systems},
 address = {Tokyo, Japan},
 year = {2013},
}

@inproceedings{zhang14how,
 author = {C.~Zhang  and H.~Kjellstrom},
 title = {{How to Supervise Topic Models}},
 booktitle = {European Conference on Computer Visionworkshop on Graphical Models in Computer Vision},
 year = {2014},
}

@inproceedings{zhang13factorized,
 author = {C.~Zhang and C.~H.~Ek and A.~ Damianou and H.~Kjellstrom},
 title = {{Factorized Topic Models}},
 booktitle = ICLR,
 year = {2013},
}
@inproceedings{rabinovich14,
author={M.~Rabinovich and D.~M.~Blei},
title ={{The Inverse Regression Topic Model}},
booktitle = {International Conference on Machine Learning},
year={2014}
}

@inproceedings{wang2013variance,
  title={{Variance reduction for stochastic gradient optimization}},
  author={C.~Wang, X.~Chen, A.~Smola and E.~Xing},
  booktitle={Advances in Neural Information Processing Systems},
  year={2013}
}

@inproceedings{blei2003modeling,
  title={{Modeling annotated data}},
  author={D.~M.~ Blei and M.~I.~Jordan},
  booktitle={International  Conference on Research and Development in Information Retrieval},
  year={2003},
  organization={ACM}
}

@inproceedings{mairal2009supervised,
  title={{Supervised dictionary learning}},
  author={Mairal, Julien and Ponce, Jean and Sapiro, Guillermo and Zisserman, Andrew and Bach, Francis R},
  booktitle={Advances in Neural Information Processing Systems},
  year={2009}
}
@inproceedings{wang2014unsupervised,
  title={Unsupervised learning of disease progression models},
  author={X.~Wang and D.~Sontag and F.~Wang},
  booktitle={ACM SIGKDD Conference on Knowledge Discovery and Data Mining},
  year={2014},
  organization={ACM}
}
@inproceedings{wang2009simultaneous,
  title={{Simultaneous image classification and annotation}},
  author={C.~Wang  and D.~Blei and L.~Fei-Fei},
  booktitle= {IEEE Conference on Computer Vision and Pattern  Recognition},
  year={2009},
  organization={IEEE}
}
@article{shipp2002diffuse,
  title={Diffuse large B-cell lymphoma outcome prediction by gene-expression profiling and supervised machine learning},
  author={M.~Shipp and K.~N.~Ross and P.~Tamayo and others},
  journal={Nature medicine},
  volume={8},
  number={1},
  pages={68--74},
  year={2002},
  publisher={Nature Publishing Group}
}
@inproceedings{newman2006statistical,
  title={Statistical entity-topic models},
  author={D.~Newman  and C.~Chemudugunta  and P.~Smyth},
  booktitle={{ACM SIGKDD Conference on Knowledge Discovery and Data Mining}},
  year={2006},
  organization={ACM}
}
@article{cimpoi2014deep,
  title={{Deep convolutional filter banks for texture recognition and segmentation}},
  author={Cimpoi, Mircea and Maji, Subhransu and Vedaldi, Andrea},
  journal={arXiv preprint arXiv:1411.6836},
  year={2014}
}
@inproceedings{wang2011max,
  title={{Max-margin Latent Dirichlet Allocation for Image Classification and Annotations}},
  author={Y.~Wang and G.~Mori},
  booktitle={{British Machine Vision Conference}},
  year={2011}
}

@article{tucker58,
author = {L.~R.~Tucker},
title = {{An Inter-Battery Method of Factory Analysis}},
journal = {Psychometrika},
year = {1958},
volume = {23},
month = jun
}
@article{browne11,
author = {M.~W.~Browne},
title = {{The maximum-likelihood solution in inter-battery factor analysis}},
journal = {British Journal of Mathematical and Statistical Psychology},
year = {2011},
volume = {32},
number = {1},
pages = {75--86},
month = aug
}
@inproceedings{niu14,
author = {Z.~Niu and G.~Hua and X.~Gao and Q.~Tian},
title ={Semi-supervised relational topic model for weakly annotated image recognition in social media},
booktitle =  {IEEE Conference on Computer Vision and Pattern  Recognition},
year = {2014}
}

@article{blei10,
	title = {{Supervised Topic Models}},
	author = {Blei, D.~M. and McAuliffe, J.~D.},
	journal={arXiv preprint arXiv:1003.0783},
	year = {2010}
}

@inproceedings{zhang13c,
 author = {C.~Zhang and C.~H.~Ek and X.~Gratal and F.~T.~Pokorny and H.~Kjellstr{\"o}m},
 title = { Supervised hierarchical {D}irichlet processes with variational inference},
 booktitle = {ICCV workshop on Inference for probabilistic graphical models},
 year = {2013}
}
@inproceedings{zhang16IBTM,
 author = {C.~Zhang and H.~Kjellstr{\"o}m and C.~H.~Ek  },
 title = { Inter-Battery Topic Representation Learning},
 booktitle = {arXiv},
 year = {2016}
}
@article{comaniciu2002mean,
  title={Mean shift: A robust approach toward feature space analysis},
  author={Comaniciu, Dorin and Meer, Peter},
  journal={Pattern Analysis and Machine Intelligence, IEEE Transactions on},
  volume={24},
  number={5},
  pages={603--619},
  year={2002},
  publisher={IEEE}
}
@inproceedings{zhu09,
author = {J.~Zhu and A.~Ahmed and E.~P.~Xing},
title = {{MedLDA: Maximum Margin Supervised Topic Models for Regression and Classification}},
booktitle =  {International Conference on Machine Learning},
year = {2009},
    }
@inproceedings{ramageNLP09,
 author = {D.~Ramage and D.~Hall and R.~Nallapati and C.~D.~Manning},
 title = {Labeled {LDA}: a supervised topic model for credit attribution in multi-labeled corpora},
 booktitle = EMNLP,
 year = {2009}
  } 

@inproceedings{julien08,
author = {S.~Lacoste-Julien and F.~Sha and M.~I.~Jordan},
title = {{DiscLDA}: Discriminative Learning for Dimensionality Reduction and Classification},
booktitle =  {Advances in Neural Information Processing Systems},
year = {2008},
  }
  
@inproceedings{zhu13,
author={J.~Zhu and  N.~ Chen and  H.~ Perkins and B.~ Zhang},
title ={Gibbs max-margin supervised topic models with fast sampling algorithms},
booktitle = {International Conference on Machine Learning},
year={2013}
}
@incollection{li2012objects,
  title={Objects as attributes for scene classification},
  author={L.~J.~Li  and H.~Su and Y.~Lim and L.~Fei-Fei},
  booktitle={Trends and Topics in Computer Vision},
  pages={57--69},
  year={2012},
  publisher={Springer}
}
@InProceedings{wang2009Learning,
   title = {Learning models for object recognition from natural language descriptions},
   author = {J.~Wang and K.~Markert and M.~Everingham},
   booktitle = {British Machine Vision Conference},
   year = {2009}
}
@inproceedings{gong2014multi,
  title={Multi-scale orderless pooling of deep convolutional activation features},
  author={Y.~Gong and L.~Wang and R.~Guo and S.~Lazebnik},
  booktitle={ECCV},
  pages={392--407},
  year={2014},
  publisher={Springer}
}
@article{Simonyan14c,
    author       = {K.~Simonyan and A.~Zisserman},
    title        = {Very Deep Convolutional Networks for Large-Scale Image Recognition},
    journal      = {CoRR},
    volume     = {abs/1409.1556},
    year         = {2014}
}

@inproceedings{fei2005bayesian,
  title={A bayesian hierarchical model for learning natural scene categories},
  author={Fei-Fei, Li and Perona, Pietro},
  booktitle= {IEEE Conference on Computer Vision and Pattern  Recognition},
  volume={2},
  pages={524--531},
  year={2005},
  organization={IEEE}
}
@inproceedings{blei2006correlated,
  title={Correlated topic models},
  author={D.~Blei and J~Lafferty},
  booktitle={Advances in Neural Information Processing Systems},
  volume={18},
  pages={147},
  year={2006},
}

@article{upshur2010they,
  title={{They don't want anything to do with you: Patient views of primary care management of chronic pain}},
  author={C.~C.~Upshur and G.~Bacigalupe and R.~Luckmann},
  journal={Pain Medicine},
  volume={11},
  number={12},
  pages={1791--1798},
  year={2010},
  publisher={Wiley Online Library}
}
@article{palmer1949pain,
  title={Pain charts; a description of a technique whereby functional pain may be diagnosed from organic pain.},
  author={H.~Palmer},
  journal={The New Zealand medical journal},
  volume={48},
  number={264},
  pages={187--213},
  year={1949}
}
@inproceedings{hospedales11,
author = {T.~M.~Hospedales and S.~G.~Gong and T.~Xiang},
title = {Learning tags from unsegemented videos of multiple human actions},
booktitle = {International Conference on Data Mining},
year = {2011}
    }
    
 @inproceedings{azizpour15,
author = {H.~Azizpour and  A.~Razavian and J.~Sullivan and A.~Maki and S.~Carlsson},
title = {From Generic to Specific Deep Representations for Visual Recognition},
booktitle ={DeepVision workshop,  {IEEE Conference on Computer Vision and Pattern  Recognition}},
year = {2015}
    }
    
@INPROCEEDINGS{zheng14topic, 
author={Y.~Zheng and Y.~J.~Zhang and H.~Larochelle}, 
booktitle= {IEEE Conference on Computer Vision and Pattern  Recognition}, 
title={{Topic Modeling of Multimodal Data: An Autoregressive Approach}}, 
year={2014}, 
pages={1370-1377}, 
month={June},}
@article{ameryahia09,
	Author = {S.~Amer-Yahia and S. B.~Roy and A.~Chawlat and G.~Das and C.~Yu},
	Journal = {Proc. VLDB Endow.},
	Month = aug,
	Number = {1},
	Numpages = {12},
	Pages = {754--765},
	Publisher = {VLDB Endowment},
	Title = {Group Recommendation: Semantics and Efficiency},
	Volume = {2},
	Year = {2009}}

@book{aronson12,
	Author = {E.~Aronson and T.~D.~Wilson and R.~M.~ Akert and B.~Fehr},
	Publisher = {Pearson Education Canada},
	Title = {Social psychology},
	Year = {2012}}

@inproceedings{baltrunas10,
	Author = {L.~Baltrunas and T.~Makcinskas and F.~ Ricci},
	Booktitle = {Proceedings of the Fourth ACM Conference on Recommender Systems},
	Numpages = {8},
	Pages = {119--126},
	Publisher = {ACM},
	Series = {RecSys '10},
	Title = {Group Recommendations with Rank Aggregation and Collaborative Filtering},
	Year = {2010}}

@inproceedings{berkovsky09,
	Author = {S.~Berkovsky and J.~Freyne and M.~Coombe},
	Booktitle = {Proceedings of the 22Nd Australasian Joint Conference on Advances in Artificial Intelligence},
	Numpages = {10},
	Pages = {646--655},
	Publisher = {Springer-Verlag},
	Series = {AI '09},
	Title = {Aggregation Trade Offs in Family Based Recommendations},
	Year = {2009}}

@inproceedings{boratto09,
	Author = {L.~Boratto and S.~Carta and A.~Chessa and M.~Agelli and M.~L.~Clemente},
	Booktitle = {Proceedings of the 2009 {IEEE/WIC/ACM} International Conference on Web Intelligence and International Conference on Intelligent Agent Technology - Workshops, Milan, Italy, 15-18 September 2009},
	Pages = {547--550},
	Title = {Group Recommendation with Automatic Identification of Users Communities},
	Year = {2009}}

@article{campos09,
	Author = {L.~M.~Campos and J.~M.~Fern\'{a}ndez-Luna and J.~F.~Huete and M.~A.~Rueda-Morales},
	Journal = {User Modeling and User-Adapted Interaction},
	Month = aug,
	Number = {3},
	Numpages = {36},
	Pages = {207--242},
	Title = {Managing Uncertainty in Group Recommending Processes},
	Volume = {19},
	Year = {2009}}

@inproceedings{chaney14,
	Author = {A.~J.~B.~Chaney and M.~Gartrell and J.~M.~Hofman and J.~Guiver and N.~Koenigstein and P.~Kohli and U.~Paquet},
	Booktitle = TVX,
	Title = {A Large-scale Exploration of Group Viewing Patterns},
	Year = {2014}}

@article{chen08,
	Author = {Y.~L.~Chen and L.~C.~ Cheng and C.~N.~ Chuang},
	Journal = {Expert Systems with Applications},
	Pages = {2082--2090},
	Title = {A group recommendation system with consideration of interactions among group members},
	Volume = {34},
	Year = {2008}}

@inproceedings{gartrell10,
	Author = {M.~Gartrell and X.~Xing and Q.~Lv and A.~Beach and R.~Han and S.~Mishra and K.~Seada},
	Booktitle = {Proceedings of the 16th ACM International Conference on Supporting Group Work},
	Location = {Sanibel Island, Florida, USA},
	Numpages = {10},
	Pages = {97--106},
	Publisher = {ACM},
	Series = {GROUP '10},
	Title = {Enhancing Group Recommendation by Incorporating Social Relationship Interactions},
	Year = {2010}}

@inproceedings{gim11,
	Author = {G.~Gim and H.~Jeong and H.~Lee and D.~Yun},
	Booktitle = {Proceedings of the 2Nd Challenge on Context-Aware Movie Recommendation},
	Numpages = {4},
	Pages = {11--14},
	Series = {CAMRa '11},
	Title = {Group-aware Prediction with Exponential Smoothing for Collaborative Filtering},
	Year = {2011}}

@inproceedings{gorla13,
	Author = {J.~Gorla and N.~Lathia and S.~Robertson and J.~Wang},
	Booktitle = {Proceedings of the 22Nd International Conference on World Wide Web},
	Numpages = {10},
	Pages = {495--504},
	Series = {WWW '13},
	Title = {Probabilistic Group Recommendation via Information Matching},
	Year = {2013}}

@inproceedings{hu11,
	Author = {X.~Hu and X.~Meng and L.~Wang},
	Booktitle = {Proceedings of the 2Nd Challenge on Context-Aware Movie Recommendation},
	Numpages = {6},
	Pages = {23--28},
	Publisher = {ACM},
	Series = {CAMRa '11},
	Title = {SVD-based Group Recommendation Approaches: An Experimental Study of Moviepilot},
	Year = {2011}}

@inproceedings{hu08,
	Author = {Y.~Hu and Y.~ Koren and C.~Volinsky},
	Booktitle = {ICDM},
	Pages = {263-272},
	Publisher = {IEEE Computer Society},
	Title = {Collaborative Filtering for Implicit Feedback Datasets.},
	Year = 2008}

@incollection{jameson07,
	Author = {A.~Jameson and B.~Smyth},
	Chapter = {Recommendation to Groups},
	Editor = {Brusilovsky, Peter and Kobsa, Alfred and Nejdl, Wolfgang},
	Numpages = {32},
	Pages = {596--627},
	Title = {The Adaptive Web},
	Year = {2007}}

@inproceedings{kim13,
	Author = {H.~N.~Kim and M.~Rawashdeh and A.~El Saddik},
	Booktitle = {Proceedings of the 2013 International Conference on Intelligent User Interfaces},
	Numpages = {10},
	Pages = {15--24},
	Series = {IUI '13},
	Title = {Tailoring Recommendations to Groups of Users: A Graph Walk-based Approach},
	Url = {http://doi.acm.org/10.1145/2449396.2449401},
	Year = {2013},
	Bdsk-Url-1 = {http://doi.acm.org/10.1145/2449396.2449401}}

@inproceedings{ntoutsi12,
	Author = {E.~Ntoutsi and K.~Stefanidis and K.~N{\o}rv{\aa}g and H.~P.~Kriegel},
	Booktitle = {Proceedings of the 31st International Conference on Conceptual Modeling},
	Numpages = {15},
	Pages = {126--140},
	Series = {ER'12},
	Title = {Fast Group Recommendations by Applying User Clustering},
	Year = {2012}}

@article{pessermier14,
	Author = {T.~ De Pessemier and S.~ Dooms and L.~ Martens},
	Journal = {Multimedia Tools and Applications},
	Pages = {2497-2541},
	Title = {Comparison of group recommendation algorithms},
	Volume = {72},
	Year = {2014}}

@misc{InferNET14,
	Author = {Minka, T. and Winn, J.M. and Guiver, J.P. and Webster, S. and Zaykov, Y. and Yangel, B. and Spengler, A. and  Bronskill, J.},
	Date-Modified = {2015-04-10 16:23:45 +0000},
	Howpublished = {\url{http://research.microsoft.com/infernet}},
	Note = {Microsoft Research Cambridge},
	Title = {{Infer.NET 2.6}},
	Year = {2014}}

@inproceedings{minka01,
	Author = {T.~P.~ Minka},
	Booktitle = UAI,
	Title = {Expectation propagation for approximate Bayesian inference},
	Year = {2001}}

@inproceedings{minka08,
	Author = {T.~P.~ Minka and J.~Winn},
	Booktitle = NIPS,
	Title = {Gates},
	Year = {2008}}

@inproceedings{paquet13,
	Author = {U.~Paquet and N.~Koenigstein},
	Booktitle = WWW,
	Title = {One-class Collaborative Filtering with Random Graphs},
	Year = {2013}}

@inproceedings{reciogarcia09,
	Author = {J.~Recio-Garcia and G.~Jimenez-Diaz and A.~A.~Sanchez-Ruiz and B.~Diaz-Agudo},
	Booktitle = {Proceedings of the Third ACM Conference on Recommender Systems},
	Numpages = {4},
	Pages = {325--328},
	Publisher = {ACM},
	Series = {RecSys '09},
	Title = {Personality Aware Recommendations to Groups},
	Year = {2009}}

@inproceedings{rendle09,
	Author = {S.~Rendle and C.~Freudenthaler and Z.~Gantner and L.~Schmidt-Thieme},
	Booktitle = {Proceedings of the Twenty-Fifth Conference on Uncertainty in Artificial Intelligence},
	Numpages = {10},
	Pages = {452--461},
	Series = {UAI '09},
	Title = {BPR: Bayesian Personalized Ranking from Implicit Feedback},
	Year = {2009}}

@inproceedings{seko11,
	Author = {S.~Seko andT.~ Yagi and M.~Motegi and S.~Muto},
	Booktitle = {Proceedings of the Fifth ACM Conference on Recommender Systems},
	Numpages = {8},
	Pages = {101--108},
	Series = {RecSys '11},
	Title = {Group Recommendation Using Feature Space Representing Behavioral Tendency and Power Balance Among Members},
	Year = {2011}}

@inproceedings{stern09,
	Author = {D.~Stern and R.~Herbrich and T.~Graepel},
	Booktitle = WWW,
	Title = {{Matchbox:} Large Scale Online Bayesian Recommendations},
	Year = {2009}}

@inproceedings{wang11,
	Author = {C.~Wang and D.~M.~Blei},
	Booktitle = KDD,
	Title = {Collaborative Topic Modeling for Recommending Scientific Articles},
	Year = {2011}}

@article{winn05,
	Author = {J.~Winn and C.~ M.~ Bishop},
	Journal = {Journal of Machine Learning Research},
	Pages = {661--694},
	Title = {Variational Message Passing},
	Volume = {6},
	Year = {2005}}

@inproceedings{ye12,
	Author = {M.~Ye and X.~Liu and W.~C.~Lee},
	Booktitle = {Proceedings of the 35th International ACM SIGIR Conference on Research and Development in Information Retrieval},
	Numpages = {10},
	Pages = {671--680},
	Publisher = {ACM},
	Series = {SIGIR '12},
	Title = {Exploring Social Influence for Recommendation: A Generative Model Approach},
	Year = {2012}}

@inproceedings{yu09,
	Author = {Z.~Yu and Z.~Yu and X.~Zhou and Y.~Nakamura},
	Booktitle = {Proceedings of the 14th International Conference on Intelligent User Interfaces},
	Numpages = {6},
	Pages = {407--412},
	Publisher = {ACM},
	Series = {IUI '09},
	Title = {Handling Conditional Preferences in Recommender Systems},
	Year = {2009}}

@article{yu06,
	Author = {Z.~Yu and X.~Zhou and Y.~Hao and J.~Gu},
	Journal = {User Modeling and User-Adapted Interaction},
	Month = mar,
	Number = {1},
	Numpages = {20},
	Pages = {63--82},
	Publisher = {Kluwer Academic Publishers},
	Title = {TV Program Recommendation for Multiple Viewers Based on User Profile Merging},
	Volume = {16},
	Year = {2006}}

@inproceedings{yuan14,
	Author = {Q.~Yuan and G.~Cong and C.~Y.~ Lin},
	Booktitle = KDD,
	Title = {{COM:} a Generative Model for Group Recommendation},
	Year = {2014}}

@inproceedings{said2011group,
	Author = {Said, A. and Berkovsky, S. and De Luca, E. W.},
	Booktitle = {Proceedings of the 2nd Challenge on Context-Aware Movie Recommendation},
	Organization = {ACM},
	Pages = {2--4},
	Title = {Group recommendation in context},
	Year = {2011}}
	

@article{blei03,
 author = {D.~M.~Blei and A.~Y.~Ng and M.~I.~Jordan},
 title = {Latent {Dirichlet} allocation},
 journal = {Journal of Machine Learning Research},
 volume = {3},
 year = {2003},
 pages = {993--1022}
} 

@misc{heinrich08,
	title = {Parameter estimation for text analysis},
	author = {G.~Heinrich},
	year = {http://citeseerx.ist.psu.edu/viewdoc/summary?doi=10.1.1.158.9854, 2008}
	}

@INPROCEEDINGS{feifei05, 
author={Fei-Fei, L. and Perona, P.}, 
booktitle=CVPR, 
title={A Bayesian hierarchical model for learning natural scene categories}, 
year={2005}
}

@misc{blei10,
	title = {Supervised Topic Models, http://arxiv.org/abs/1003.0783},
	author = {Blei, D.~M. and McAuliffe, J.~D.},
	year = {2010}
}

@inproceedings{madry12,
 author = {Marianna Madry and Dan Song and Danica Kragic},
 title = {From Object Categories to Grasp Transfer Using Probabilistic Reasoning},
 booktitle = ICRA,
 year = {2012}
} 

@inproceedings{zhang13,
 author = {C.~Zhang and C.~H.~Ek and A.~ Damianou and H.~Kjellstrom},
 title = {Factorized Topic Models},
 booktitle = {International Conference on Learning Representations, workshop track},
 year = {2013}
}

@INPROCEEDINGS{cwang09, 
author={C.~Wang and D.~Blei and L.~Fei-Fei}, 
booktitle=CVPR, 
title={Simultaneous image classification and annotation}, 
year={2009}
}

@inproceedings{blei-jordan03,
 author = {D.~M.~Blei and M.~I.~Jordan},
 title = {Modeling annotated data},
 booktitle = {International ACM SIGIR Conference on Research and Development in Information Retrieval},
 year = {2003}
} 

@INPROCEEDINGS{niu11, 
author={Z.~Niu and G.~Hua and X.~Gao and Q.~Tian}, 
booktitle=CVPR, 
title={{Spatial-DiscLDA} for visual recognition}, 
year={2011}
}

@INPROCEEDINGS{cao07, 
author={L.~Cao and L.~Fei-Fei}, 
booktitle=ICCV, 
title={Spatially Coherent Latent Topic Model for Concurrent Segmentation and Classification of Objects and Scenes}, 
year={2007}
}

@misc{xwang09,
	title = {Spatial Latent {Dirichlet} Allocation},
	author = {X.~Wang and E.~Grimson},
	year = {http://citeseerx.ist.psu.edu/viewdoc/summary?doi=10.1.1.143.4231, 2009}
}

@inproceedings{ramageCluster09,
 author = {D.~Ramage and P.~Heymann and C.~D.~Manning and H.~Garcia-Molina},
 title = {Clustering the tagged web},
 booktitle = {ACM International Conference on Web Search and Data Mining},
 year = {2009}
 } 

@inproceedings{ramageNLP09,
 author = {D.~Ramage and D.~Hall and R.~Nallapati and C.~D.~Manning},
 title = {Labeled {LDA}: a supervised topic model for credit attribution in multi-labeled corpora},
 booktitle = {Conference on Empirical Methods in Natural Language Processing},
 year = {2009}
  } 

@inproceedings{lacoste08,
 author = {S.~Lacoste-Julien and F.~Sha and M.~I.~Jordan},
 title = {{DiscLDA}: Discriminative Learning for Dimensionality Reduction and Classification},
 booktitle = NIPS,
 year = {2008}
} 

@article{kjellstrom11,
title = "Visual object-action recognition: Inferring object affordances from human demonstration",
journal = CVIU,
volume = "115",
number = "1",
pages = "81--90",
year = "2011",
author = "H.~Kjellstr{\"o}m and J.~Romero and D.~Kragic"
}


@INPROCEEDINGS{kjellstrom08, 
author={H.~Kjellstrom and J.~Romero and D.~Kragic}, 
booktitle=IROS,
title={Visual recognition of grasps for human-to-robot mapping}, 
year={2008}
}


@INPROCEEDINGS{weinshall13, 
author={D.~Weinshall; G.~Levi; D.~Hanukaev}, 
booktitle=ICML,
title={Latent Dirichlet Allocation Topic Model with Soft Assignment of Descriptors to Words  }, 
year={2013}
}

@INPROCEEDINGS{song10,
author={Song, D. and Huebner, K. and Kyrki, V. and Kragic, D.},
booktitle=IROS, 
title={Learning task constraints for robot grasping using graphical models},
year={2010}
}

@article{feifei10,
  title={{What, Where and Who? Telling} the Story of an Image by Activity Classification, Scene Recognition and Object Categorization},
  author={L. Fei-Fei and L.-J. Li},
  journal={Studies in Computational Intelligence -- Computer Vision},
  volume={285/2010},
  pages={157--171},
  year={2010}
}

@ARTICLE{gupta09,
	AUTHOR = {A.~Gupta and A.~Kembhavi and L.~S.~Davis},
	TITLE = {Observing human-object interactions: Using spatial and functional compatibility for recognition},
	JOURNAL = PAMI, 
	VOLUME = {31},
 	NUMBER = {10},
	YEAR = {2009}, 
	PAGES = {1775--1789}
   }

@inproceedings{gupta09b,
	AUTHOR = {A.~Gupta and P.~Srinivasan and J.~Shi and L.~S.~Davis},
	TITLE = {Understanding videos, constructing plots: Learning a visually grounded storyline model from annotated videos},
	BOOKTITLE =CVPR, 
	YEAR = {2009}
	   }

@INPROCEEDINGS{marszalek09,
author={Marsza{\l}ek, M. and Laptev, I. and Schmid, C.},
booktitle=CVPR, 
title={Actions in context},
year={2010}
}
@INPROCEEDINGS{siddiquie10,
author={Siddiquie, B. and Gupta, A.},
booktitle=CVPR, 
title={Beyond active noun tagging: Modeling contextual interactions for multi-class active learning},
year={2010}
}

@inproceedings{malisiewicz09,
  Author =	 {T.~Malisiewicz and A.~A.~Efros},
  Booktitle = NIPS,
  Title =	 {Beyond Categories: The Visual Memex Model for Reasoning About Object Relationships},
  Year =	 {2009}
}


@ARTICLE{stark-bowyer91,
   AUTHOR = {L.~Stark and K.~Bowyer},
   TITLE = {Achieving generalized object recognition through reasoning about association of function to structure},
   JOURNAL = PAMI,
   VOLUME = {13},
   NUMBER = {10},
   YEAR = {1991},
   PAGES = {1097--1104}
   }

@INPROCEEDINGS{stark08,
	AUTHOR = {M.~Stark and P.~Lies and M.~Zillich and J.~Wyatt and B.~Schiele},
	TITLE = {Functional object class detection based on learned affordance cues},
	BOOKTITLE = {International Conference on Computer Vision Systems},
	YEAR = {2008}
	}

@INPROCEEDINGS{gall11,
	AUTHOR = {J.~Gall and A.~Fossati and L.~{van Gool}},
	TITLE = {Functional categorization of objects using real-time markerless motion capture},
	BOOKTITLE = CVPR,
	YEAR = {2011}
	}

@INPROCEEDINGS{grabner11,
	AUTHOR = {H.~Grabner and J.~Gall and L.~{van Gool}},
	TITLE = {What makes a chair a chair?},
	BOOKTITLE = CVPR,
	YEAR = {2011}
	}

@INPROCEEDINGS{gupta11,
	AUTHOR = {A.~Gupta and S.~Satkin and A.~A.~Efros  and M.~Hebert},
	TITLE = {From {3D} scene geometry to human workspace},
	BOOKTITLE = CVPR,
	YEAR = {2011}
	}

@INPROCEEDINGS{divvala07,
   AUTHOR = {S.~K.~Divvala and D.~Hoiem and J.~H.~Hays and A.~A.~Efros and M.~Hebert},
   TITLE = {An empirical study of context in object detection},
   BOOKTITLE = CVPR,
   YEAR = {2007}
   }


@ARTICLE{oliva-torralba07,
         AUTHOR = {A.~Oliva and A.~Torralba},
	TITLE = {The role of context in object recognition},
	JOURNAL = {Trends in Cognitive Sciences},
	VOLUME = {11},
	 NUMBER = {12},
	YEAR = {2007},
	PAGES = {520--527}	
}

@ARTICLE{torralba03,
   AUTHOR = {A.~Torralba},
   TITLE = {Contextual priming for object detection},
   JOURNAL = IJCV,
   VOLUME = {53},
   NUMBER = {2},
   YEAR = {2003},
   PAGES = {169--191}
   }

@ARTICLE{lowe04,
	AUTHOR = {D.~G.~Lowe},
	TITLE = {Distinctive image features from scale-invariant keypoints},
	JOURNAL = IJCV,
	VOLUME = {60},
	NUMBER = {2},
	YEAR = {2004},
	PAGES = {91--110}
	}

@INPROCEEDINGS{moore99,
	AUTHOR = {D.~J.~Moore and I.~A.~Essa and M.~H.~Hayes},
	TITLE = {Exploiting human actions and object context for recognition tasks},
	BOOKTITLE = ICCV,
	YEAR = {1999}
	}


@INPROCEEDINGS{peursum05,
	AUTHOR = {P.~Peursum and G.~West and S.~Venkatesh},
	TITLE = {Combining Image Regions and Human Activity for Indirect Object Recognition in Indoor Wide-Angle Views},
	BOOKTITLE = ICCV,
	YEAR = {2005}
   }

   
 @INPROCEEDINGS{Hofmann99,
   AUTHOR  = {T. Hofmann},
   TITLE = {Probabilistic Latent Semantic Analysis},
   BOOKTITLE= {UAI},
   YEAR= {1999}
}
@INPROCEEDINGS{sivic05, 
   AUTHOR  = {J.~Sivic and B.~C.~Russell and A.~A.~Efros  and A.~Zisserman  and W.~T.~Freeman}, 
	BOOKTITLE = ICCV,
   TITLE = {Discovering objects and their location in images}, 
   YEAR={2005}
}

@INPROCEEDINGS{Pirsiavash12, 
author={H.~Pirsiavash and D.~Ramanan}, 
BOOKTITLE = CVPR,
TITLE={Detecting activities of daily living in first-person camera views},
YEAR={2012}
}

@INPROCEEDINGS{Laptev05,
author={I.~Laptev},
BOOKTITLE=IJCV,
TITLE={On Space-Time Interest Points},
YEAR={2005}
}
 
@INPROCEEDINGS{niu12,
author={Z.~Niu and G.~Hua and X.~Gao and Q.~Tian},
BOOKTITLE=CVPR,
TITLE={Context aware topic model for scene recognition},
YEAR={2012},
}
@ARTICLE{Rasiwasia12, 
author={N.~Rasiwasia and N.~Vasconcelos}, 
journal=PAMI,
volume={34},
number={5},
title={Holistic Context Models for Visual Recognition}, 
year={2012}, 
pages={902--917}
}
@INPROCEEDINGS{song13,
author={D.~Song and N.~ Kyriazis and I.~ Oikonomidis  and C.~Papazov and A.~Argyros  and D.~Burschk and D.~ Kragic},
BOOKTITLE=ICRA,
TITLE={Predicting Human Intention in Visual Observations of Hand/Object Interactions},
YEAR={2013}
}

@INPROCEEDINGS{herzog12,
author={A.~Herzog and  P.~Pastor  and  M.~Kalakrishnan and L.~Righetti  and T.~Asfour and  S.~Schaal},
BOOKTITLE=ICRA,
TITLE={Template-based learning of grasp selection},
YEAR={2012}
}

@INPROCEEDINGS{ek10,
author={C.~H.~Ek and D.~Song and K.~Huebner and D.~Kragic},
BOOKTITLE={IEEE International Conference on Humanoid Robots},
TITLE={Task Modeling in Imitation Learning using Latent Variable Models},
YEAR={2010}
}
@ARTICLE{kragic10, 
author={V.~Kr{\"u}ger and D.~Herzog and S.~Baby and A.~Ude and D.~Kragic}, 
journal={IEEE Robotics Automation Magazine},
title={Learning Actions from Observations},
volume={17}, 
number={2}, 
pages={30--43},
year={2010}, 
}

@INCOLLECTION{billard08,
   author = {A.~Billard and S.~Calinon and R.~Dillman and S.~Schaal},
   title = {Robot programming by demonstration},
   editor = {B.~Siciliano and O.~Khatib},
   booktitle = {Handbook of Robotics},
   chapter = {59},
   publisher = {Springer-Verlag},
   address = {New York, NY, USA},
   year = {2008},
}		  
@article{Teh06,
author = {Y.~W.~Teh and M.~I.~Jordan and M.~J.~Beal  and D.~M.~Blei},
title = {Hierarchical Dirichlet Processes},
journal = {Journal of the American Statistical Association},
volume = {101},
number = {476},
pages = {1566-1581},
year = {2006},
}
@incollection{Karlgren2012,
  title={Usefulness of sentiment analysis},
  author={Karlgren, J. and Sahlgren, M. and Olsson, F. and Espinoza, F. and Hamfors, O.},
  booktitle={Advances in Information Retrieval: Proceedings of the European Conference on Information Retrieval (ECIR 2012)},
  pages={426--435},
  year={2012},
  publisher={Springer} 
}
@article{Heinrich2008,
  title={Parameter estimation for text analysis},
  author={Heinrich, G.},
  year={2008}
}
@article{scikit-learn,
 title={Scikit-learn: Machine Learning in {P}ython},
 author={Pedregosa, F. and Varoquaux, G. and Gramfort, A. and Michel, V.
         and Thirion, B. and Grisel, O. and Blondel, M. and Prettenhofer, P.
         and Weiss, R. and Dubourg, V. and Vanderplas, J. and Passos, A. and
         Cournapeau, D. and Brucher, M. and Perrot, M. and Duchesnay, E.},
 journal={Journal of Machine Learning Research},
 volume={12},
 pages={2825--2830},
 year={2011}
}
@article{guyon2002,
title={Gene selection for cancer classification using support vector machines},
author={Guyon, I. and Weston, J. and Barnhill, S. and Vapnik, V.},
journal={Machine Learning},
volume={46},
number={1-3},
pages={389--422},
year={2002},
publisher={Springer}
}
@article{guyon2003,
title={An introduction to variable and feature selection},
author={Guyon, I. and Elisseeff, A.},
journal={The Journal of Machine Learning Research},
volume={3},
pages={1157--1182},
year={2003},
publisher={JMLR. org}
}
@article{chang2008,
title={Feature Ranking Using Linear {SVM}},
author={Chang, Y. W. and Lin, C. J.},
journal={Causation and Prediction Challenge Challenges in Machine Learning},
volume={2},
pages={47},
year={2008}
}
@article{Deerwester1990,
abstract = {A new method for automatic indexing and retrieval is described. The approach is to take advantage of implicit higher-order structure in the association of terms with documents ("semantic structure") in order to improve the detection of relevant documents on the basis of terms found in queries. The particular technique used is singular-value decomposition, in which a large term by document matrix is decomposed into a set of ca 100 orthogonal factors from which the original matrix can be approximated by linear combination. Documents are represented by ca 100 item vectors of factor weights. Queries are represented as pseudo-document vectors formed from weighted combinations of terms, and documents with supra-threshold cosine values are returned. Initial tests find this completely automatic method for retrieval to be promising.},
archivePrefix = {arXiv},
arxivId = {arXiv:1403.2923v1},
author = {Deerwester, S. and Dumais, S. T. and Furnas, G. W. and Landauer, T. K. and Harshman, R.},
doi = {10.1002/(SICI)1097-4571(199009)41:6<391::AID-ASI1>3.0.CO;2-9},
eprint = {arXiv:1403.2923v1},
isbn = {9781450300322},
issn = {00028231},
journal = {Journal of the American Society for Information Science},
keywords = {LSA},
number = {6},
pages = {391--407},
pmid = {470195},
title = {{Indexing by Latent Semantic Analysis}},
url = {http://citeseer.ist.psu.edu/viewdoc/summary?doi=10.1.1.108.8490},
volume = {41},
year = {1990}
}
@article{Pang2008,
author = {Pang, B. and Lee, L.},
title = {{Opinion mining and sentiment analysis}},
journal={Foundations and trends in information retrieval},
volume={2},
number={1-2},
pages={1--135},
year={2008},
publisher={Now Publishers Inc.}
}
@article{Blei2003a,
  author={Blei, D. M. and Ng, A. Y. and Jordan, M. I.},
  title={Latent {D}irichlet allocation},
  journal={The Journal of Machine Learning Research},
  volume={3},
  pages={993--1022},
  year={2003},
  publisher={JMLR. org}
}
@article{Blei2003b,
author = {Blei, D. M. and Jordan, M. I.},
title = {Modeling annotated data},
journal = {Proceedings of the 26th International ACM Conference on Research and Development in Information Retrieval (SIGIR 2003)},
pages = {127--134},
year = {2003}
}
@article{Rosen-Zvi2004,
author = {Rosen-Zvi, Michal and Griffiths, Thomas and Steyvers, Mark and Smyth, Padhraic},
isbn = {0-9749039-0-6},
month = {jul},
pages = {487--494},
publisher = {AUAI Press},
title = {{The author-topic model for authors and documents}},
url = {http://dl.acm.org/citation.cfm?id=1036843.1036902},
year = {2004}
}
@article{Griffiths2004,
author = {Griffiths, Thomas L and Steyvers, Mark},
doi = {10.1073/pnas.0307752101},
issn = {0027-8424},
journal = {Proceedings of the National Academy of Sciences of the United States of America},
keywords = {Databases, Factual,Documentation,Models, Statistical,Monte Carlo Method,National Academy of Sciences (U.S.),Probability,Publishing,Science,Science: classification,United States},
month = {apr},
pages = {5228--35},
pmid = {14872004},
title = {{Finding scientific topics.}},
volume = {101 Suppl },
year = {2004}
}
@article{Lin2006,
author = {Lin, W. H. and Wilson, T. and Wiebe, J. and Hauptmann, A.},
journal = {Proceedings of the Tenth Conference on Computational Natural Language Learning (CoNLL-X)},
pages = {109--116},
publisher = {Association for Computational Linguistics},
title = {{Which side are you on? Identifying perspectives at the document and sentence levels}},
year = {2006}
}
@article{Lin2006a,
abstract = {In this paper we investigate how to auto- matically determine if two document col- lections are written from different per- spectives. By perspectives we mean a point of view, for example, from the per- spective of Democrats or Republicans. We propose a test of different perspectives based on distribution divergence between the statistical models of two collections. Experimental results show that the test can successfully distinguish document collec- tions of different perspectives from other types of collections.},
author = {Lin, Wei-Hao and Hauptmann, Alexander},
doi = {10.3115/1220175.1220308},
isbn = {1932432655},
journal = {Proceedings of the 21st International Conference on Computational Linguistics and the 44th annual meeting of the ACL  - ACL '06},
keywords = {ACL '06,Computational Linguistics and the 44th annual meet},
number = {2},
pages = {1057--1064},
title = {{Are these documents written from different perspectives?}},
url = {http://portal.acm.org/citation.cfm?doid=1220175.1220308},
year = {2006}
}
@inproceedings{Newman2006,
author = {Newman, D. and Chemudugunta, C. and Smyth, P.},
booktitle = {Proceedings of the 12th ACM International Conference on Knowledge Discovery and Data Mining (KDD 2006)},
pages = {680--686},
publisher = {ACM Press},
title = {{Statistical entity-topic models}},
year = {2006}
}
@article{Lin2008,
author = {Lin, Wei-Hao and Xing, Eric and Hauptmann, Alexander},
isbn = {978-3-540-87480-5},
journal = {Machine Learning and Knowledge Discovery in Databases, Part Ii, Proceedings},
pages = {17--32},
title = {{A Joint Topic and Perspective Model for Ideological Discourse}},
url = {<Go to ISI>://WOS:000260075900002},
volume = {5212},
year = {2008}
}
@inproceedings{Titov2008,
archivePrefix = {arXiv},
author = {Titov, I. and McDonald, R.},
title = {{Modeling online reviews with multi-grain topic models}},
journal = {Proceeding of the 17th international conference on World Wide Web (WWW 2008)},
pages = {111--120},
organization = {ACM},
year = {2008}
}
@inproceedings{Wallach2009,
author = {Wallach, Hanna M. and Mimno, David M. and McCallum, Andrew},
booktitle = {Advances in Neural Information Processing Systems},
pages = {1973--1981},
title = {{Rethinking LDA: Why Priors Matter}},
url = {http://papers.nips.cc/paper/3854-rethinking-lda-why-priors-matter},
year = {2009}
}
@inproceedings{Paul2009,
author = {Paul, M. and Girju, R.},
title = {Cross-cultural analysis of blogs and forums with mixed-collection topic models},
booktitle={Proceedings of the 2009 Conference on Empirical Methods in Natural Language Processing (EMNLP 2009)},
volume={3},
pages = {1408--1417},
publisher = {Association for Computational Linguistics},
year = {2009},
}
@article{Chen2010,
author = {Chen, Bi and Zhu, Leilei and Kifer, Daniel and Lee, Dongwon},
isbn = {9781577354659},
journal = {Twenty-Fourth AAAI Conference on Artificial Intelligence (AAAI-10)},
pages = {1007--1012},
title = {{What Is an Opinion About? Exploring Political Standpoints Using Opinion Scoring Model}},
year = {2010}
}
@article{Paul2010,
author = {Paul, M. J. and Girju, R.},
journal = {Proceedings of the 2010 Conference on Empirical Methods in Natural Language Processing},
month = {oct},
number = {October},
pages = {66--76},
publisher = {Association for Computational Linguistics},
title = {{Summarizing Contrastive Viewpoints in Opinionated Text}},
year = {2010}
}
@article{Paul2010a,
author = {Paul, M. and Girju, R.},
journal = {Proceedings of the 24th AAAI Conference on Artificial Intelligence (AAAI 2010)},
pages = {545--550},
title = {{A two-dimensional topic-aspect model for discovering multi-faceted topics}},
year = {2010}
}
@article{Zhao2010,
abstract = {Discovering and summarizing opinions from online reviews is an important and challeng- ing task. A commonly-adopted framework generates structured review summaries with aspects and opinions. Recently topic mod- els have been used to identify meaningful re- view aspects, but existing topic models do not identify aspect-specific opinion words. In this paper, we propose a MaxEnt-LDA hy- brid model to jointly discover both aspects and aspect-specific opinion words. We show that with a relatively small amount of train- ing data, our model can effectively identify as- pect and opinion words simultaneously. We also demonstrate the domain adaptability of our model.},
author = {Zhao, Wayne Xin and Jiang, Jing and Yan, Hongfei and Li, Xiaoming},
isbn = {1932432868},
journal = {Computational Linguistics},
month = {oct},
number = {October},
pages = {56--65},
publisher = {Association for Computational Linguistics},
title = {{Jointly Modeling Aspects and Opinions with a MaxEnt-LDA Hybrid}},
url = {http://www.aclweb.org/anthology/D10-1006},
volume = {16},
year = {2010}
}
@article{Park2011,
author = {Park, S. and Lee, K. and Song, J.},
title = {{Contrasting Opposing Views of News Articles on Contentious Issues.}},
journal = {Proceedings of the 49th Annual Meeting of the Association for Computational Linguistics: Human Language Technologies (ACL-HLT 2011)},
volume={1},
pages = {340--349},
year = {2011},
organization={Association for Computational Linguistics}
}
@inproceedings{Jo2011,
author = {Jo, Y. and Oh, A. H.},
title = {{Aspect and sentiment unification model for online review analysis}},
booktitle = {Proceedings of the fourth ACM International Conference on Web Search and Data Mining (WSDM 2011)},
pages = {815--824},
publisher = {ACM Press},
year = {2011}
}
@inproceedings{Fang2012,
author = {Fang, Y. and Si, L. and Somasundaram, N. and Yu, Z.},
booktitle = {Proceedings of the fifth ACM International Conference on Web Search and Data Mining (WSDM 2012)},
pages = {63--72},
publisher = {ACM},
title = {{Mining contrastive opinions on political texts using cross-perspective topic model}},
year = {2012}
}
@book{Chang2013,
address = {Berlin, Heidelberg},
author = {Chang, Kai-Wei and Srikumar, Vivek and Roth, Dan},
booktitle = {Machine Learning and Knowledge Discovery in Databases},
doi = {10.1007/978-3-642-40991-2},
editor = {Daelemans, Walter and Goethals, Bart and Morik, Katharina},
isbn = {978-3-642-40990-5},
issn = {03029743},
month = {sep},
pages = {401--416},
publisher = {Springer Berlin Heidelberg},
series = {Lecture Notes in Computer Science},
title = {{Machine Learning and Knowledge Discovery in Databases}},
url = {http://link.springer.com/10.1007/978-3-642-40991-2},
volume = {8189},
year = {2013}
}
@inproceedings{Carlson2013,
author = {Carlson, J. and David, P. and Hawes, T},
title={Surveillance of sentiment and affect in open source text},
booktitle={Proceedings of the 2013 IEEE/ACM International Conference on Advances in Social Networks Analysis and Mining (ASONAM 2013)},
pages={1054--1057},
year={2013},
organization={ACM}
}
@inproceedings{Qiu2013,
author = {Qiu, M. and Yang, L. and Jiang, J.},
booktitle = {Proceedings of the 22nd ACM International Conference on Information and Knowledge Management},
pages = {873--878},
publisher = {ACM Press},
title = {{Modeling Interaction Features for Debate Side Clustering}},
year = {2013}
}
@inproceedings{Qiu2013a,
author = {Qiu, M. and Jiang, J.},
booktitle = {Proceedings of the 2013 Conference of the North American Chapter of the Association for Computational Linguistics: Human Language Technologies (NAACL-HLT 2013)},
title = {A latent variable model for viewpoint discovery from threaded forum posts},
pages = {1031--1040},
year = {2013}
}
@inproceedings{Trabelsi2014,
author = {Trabelsi, A. and Zaiane, O. R.},
booktitle = {Proceedings of the 2014 IEEE International Conference on Data Mining (ICDM 2014)},
pages = {550--559},
publisher = {IEEE},
title = {{Mining contentious documents using an unsupervised topic model based approach}},
year = {2014}
}
@article{Hou2015,
author = {Hou, L and Li, J and Wang, Z and Tang, J},
journal = {Knowledge-Based  {\ldots}},
title = {{NewsMiner: Multifaceted news analysis for event search}},
url = {http://keg.cs.tsinghua.edu.cn/jietang/publications/KBS15-Hou-et-al-NewsMiner.pdf},
year = {2015}
}
@article{Wang2015,
author = {Wang, Jingjing and Tong, Wenzhu and Yu, Hongkun and Li, Min and Ma, Xiuli and Cai, Haoyan and Hanratty, Tim and Han, Jiawei},
doi = {10.1109/ICDM.2015.112},
isbn = {978-1-4673-9504-5},
journal = {hanj.cs.illinois.edu},
title = {{Mining Multi-Aspect Reflection of News Events in Twitter : Discovery , Linking and Presentation}},
url = {http://hanj.cs.illinois.edu/pdf/icdm15{\_}jwang.pdf},
year = {2015}
}
@article{Das2015,
author = {Das, Rajarshi and Zaheer, Manzil and Dyer, Chris},
isbn = {9781941643723},
journal = {Proceedings ACL 2015},
keywords = {LDA,word embeddings},
pages = {795--804},
title = {{Gaussian LDA for Topic Models with Word Embeddings}},
year = {2015}
}
@article{Hu2015,
author = {Hu, Linmei and Shao, Chao and Li, Juanzi and Ji, Heng},
doi = {10.1016/j.knosys.2015.09.007},
issn = {09507051},
journal = {Knowledge-Based Systems},
keywords = {Incremental learning,News events,Topic hierarchy},
month = {nov},
pages = {618--626},
title = {{Incremental learning from news events}},
url = {http://www.sciencedirect.com/science/article/pii/S0950705115003469},
volume = {89},
year = {2015}
}
@inproceedings{Thonet2016,
author = {Thonet, T. and Cabanac, G. and Boughanem, M. and Pinel-Sauvagnat, K.},
title = {{VODUM: a Topic Model Unifying Viewpoint, Topic and Opinion Discovery}},
booktitle = {Proceedings of the 38th European Conference on IR Research (ECIR 2016)},
pages = {533--545},
year = {2016}
}
@article{Lau,
author = {Lau, JH and Newman, D and Baldwin, T},
journal = {Citeseer},
title = {{Machine Reading Tea Leaves: Automatically Evaluating Topic Coherence and Topic Model Quality}},
}

@misc{blei10,
	title = {Supervised Topic Models, {\em arXiv:1003.0783}},
	author = {Blei, D.~M. and McAuliffe, J.~D.},
	year = {2010}
}
@INPROCEEDINGS{feifei05, 
author={Fei-Fei, L. and Perona, P.}, 
booktitle=CVPR, 
title={A {Bayesian} hierarchical model for learning natural scene categories}, 
year={2005}
}
@INPROCEEDINGS{cao07, 
author={L.~Cao and L.~Fei-Fei}, 
booktitle=ICCV, 
title={Spatially Coherent Latent Topic Model for Concurrent Segmentation and Classification of Objects and Scenes}, 
year={2007}
}
@INPROCEEDINGS{cwang09, 
author={C.~Wang and D.~M.~Blei and L.~Fei-Fei}, 
booktitle=CVPR, 
title={Simultaneous image classification and annotation}, 
year={2009}
}
@article{teh06,
author = {Y.~W.~Teh and M.~I.~Jordan and M.~J.~Beal and D.~M.~Blei},
title = {Hierarchical {Dirichlet} Processes},
journal = {Journal of the American Statistical Association},
volume={101},
number={476},
pages={1566--1581},
year={2006}
}
@article{tucker58,
author = {L.~R.~Tucker},
title = {{An Inter-Battery Method of Factory Analysis}},
journal = {Psychometrika},
year = {1958},
volume = {23},
month = jun
}
@article{browne11,
author = {M.~W.~Browne},
title = {{The maximum-likelihood solution in inter-battery factor analysis}},
journal = {British Journal of Mathematical and Statistical Psychology},
year = {2011},
volume = {32},
number = {1},
pages = {75--86},
month = aug
}
@article{sethuraman94,
author={J.~Sethuraman},
title = {A constructive definition of {Dirichlet} priors },
journal ={Statistica Sinica},
volume={4},
pages={639-650},
year={1994}
}


@article{lawrence05,
author={N.~D.~Lawrence},
title = {Probabilistic non-linear principal component analysis with Gaussian process latent variable models},
journal ={Journal of Machine Learning Research},
volume={6},
pages={1783-1816},
year={2005}
}
@article{tipping99,
author={M.~E.~Tipping and C~.M.~Bishop},
title = {Probabilistic principal component analysis},
journal ={Journal of the Royal Statistical Society: Series B (Statistical Methodology)},
volume={61},
number={3},
pages={611-622},
year={1999}
}

@article{rasiwasia13,
author={N.~Rasiwasia and N.~Vasconcelos},
title = {Latent dirichlet allocation models for image classification },
journal =PAMI,
volume={35},
number={11},
pages={2665-2679},
year={2013}
}
@inproceedings{wang11,
author = {C.~Wang and J.~Paisley and D.~Blei},
title = {Online variational inference for the hierarchical {Dirichlet} process},
booktitle = {AISTATS},
year={2011}
}

@inproceedings{hoffman10,
author = {M.~D.~Hoffman and D.~M.~Blei and F.~Bach},
title = {Online learning for latent {Dirichlet} allocation},
booktitle = NIPS,
year={2010}
}

@inproceedings{weinshall13,
author = {D.~Weinshall and G.~Levi and D.~Hanukaev},
title = {Latent {Dirichlet} Allocation Topic Model with Soft Assignment of Descriptors to Words},
booktitle=ICML,
year={2013}
}


@INPROCEEDINGS{niu12, 
author={Z.~Niu and G.~Hua and X.~Gao and Q.~Tian}, 
booktitle=CVPR,
title={Context aware topic model for scene recognition}, 
year={2012}
}
@inproceedings{zhang13c,
 author = {C.~Zhang and C.~H.~Ek and X.~Gratal and F.~T.~Pokorny and H.~Kjellstr{\"o}m},
 title = { Supervised hierarchical {D}irichlet processes with variational inference.},
 booktitle = {ICCV workshop on Inference for probabilistic graphical models},
 year = {2013}
}
@inproceedings{zhang13b,
 author = {C.~Zhang and D.~Song and H.~Kjellstr{\"o}m},
 title = {Contextual Modeling with Labeled Multi-LDA},
 booktitle = IROS,
 year = {2013}
}
@inproceedings{zhang13a,
 author = {C.~Zhang and C.~H.~Ek and A.~ Damianou and H.~Kjellstr{\"o}m},
 title = {Factorized Topic Models},
 booktitle = {International Conference on Learning Representations},
 year = {2013}
}
@inproceedings{ramageNLP09,
 author = {D.~Ramage and D.~Hall and R.~Nallapati and C.~D.~Manning},
 title = {Labeled {LDA}: a supervised topic model for credit attribution in multi-labeled corpora},
 booktitle = {Conference on Empirical Methods in Natural Language Processing},
 year = {2009}
  } 

@inproceedings{julien08,
author = {S.~Lacoste-Julien and F.~Sha and M.~I.~Jordan},
title = {{DiscLDA}: Discriminative Learning for Dimensionality Reduction and Classification},
booktitle =  NIPS,
year = {2008},
    }

@inproceedings{zhu09,
author = {J.~Zhu and A.~Ahmed and E.~P.~Xing},
title = {MedLDA: Maximum Margin Supervised Topic Models for Regression and Classification},
booktitle =  ICML,
year = {2009},
    }



@inproceedings{xie12,
author = {B.~Xie and R.~J.~Rassonneau},
title = {Supervised {HDP} using prior knowledge },
booktitle =  {International Conference on Applications of Natural Language Processing and Information Systems},
year = {2012},
    }

@inproceedings{feifei04,
author = {L.~{Fei-Fei} and R.~Fergus and P.~Perona},
title = {Learning generative visual models from few training examples: an incremental Bayesian approach tested on
101 object categories},
booktitle =  CVPR,
year = {2004},
    }

@inproceedings{laptev04,
author = {I.~Laptev and T.~Lindeberg},
title = {Local Descriptors for Spatio-temporal Recognition},
booktitle =  ECCV,
year = {2004}
    }
@inproceedings{lowe99,
author = {D.~G.~Lowe},
title = {Object recognition from local scale-invariant features},
booktitle =  ICCV,
year = {1999}
    }
@inproceedings{hospedales11,
author = {T.~M.~Hospedales and S.~G.~Gong and T.~Xiang},
title = {Learning tags from unsegemented videos of multiple human actions},
booktitle =  ICDM,
year = {2011}
    }

@inproceedings{niu14,
author = {Z.~Niu and G.~Hua and X.~Gao and Q.~Tian},
title ={Semi-supervised relational topic model for weakly annotated image recognition in social media},
booktitle = CVPR,
year = {2014}
}

@inproceedings{zhu13,
author={J.~Zhu and  N.~ Chen and  H.~ Perkins and B.~ Zhang},
title ={Gibbs max-margin supervised topic models with fast sampling algorithms},
booktitle = ICML,
year={2013}
}

@inproceedings{blei06,
author={D.~M.~Blei and J.~Lafferty},
title ={Correlated topic models},
booktitle = NIPS,
year={2006}
}
@inproceedings{chang09,
author={J.~Chang and J.Boyd-Graber and C.~Wang and D.~M.~Blei},
title ={Reading tea leaves: How humans interpret topic models},
booktitle = NIPS,
year={2009}
}
@inproceedings{rabinovich14,
author={M.~Rabinovich and D.~M.~Blei},
title ={The inverse regression topic model},
booktitle = ICML,
year={2014}
}
@inproceedings{tang14,
author={J.~Tang and Z.~Meng and X.~Nguyen and Q.~Mei and M.~Zhang},
title ={Understanding the limiting factors of topic modeling via posteriror contraction analysis},
booktitle = ICML,
year={2014}
}
@inproceedings{cwang11,
author = {C.~Wang and D.~Blei},
title = {Collaborative topic modeling for recommending scientific articles},
booktitle = {ACM SIGKDD},
year={2011}
}
@inproceedings{wang11,
author = {C.~Wang and J.~Paisley and D.~Blei},
title = {Online variational inference for the {H}ierarchical {Dirichlet} {P}rocess},
booktitle = {AISTATS},
year={2011}
}
@inproceedings{hofmann99,
author={T.~Hofmann},
title ={Probabilistic latent semantic analysis},
booktitle = {ACM SIGIR},
year={1999}
}
@inproceedings{damianou12,
author = {A.~Damianou and H.~C.~E kand M.~Titsias and N.~D.~Lawrence},
title = {{Manifold Relevance Determination}},
booktitle = ICML,
year = {2012},
pages = {145--152},
}
@article{bengio2013representation,
  title={{Representation learning: A review and new perspectives}},
  author={Bengio, Yoshua and Courville, Aaron and Vincent, Pierre},
  journal=PAMI,
  volume={35},
  number={8},
  pages={1798--1828},
  year={2013},
  publisher={IEEE}
}
@article{lowe2004distinctive,
  title={{Distinctive image features from scale-invariant keypoints}},
  author={Lowe, David G},
  journal=IJCV,
  volume={60},
  number={2},
  pages={91--110},
  year={2004},
  publisher={Springer}
}
@article{laptev2005space,
  title={{On space-time interest points}},
  author={Laptev, Ivan},
  journal=IJCV,
  volume={64},
  number={2-3},
  pages={107--123},
  year={2005},
  publisher={Springer}
}
@inproceedings{yang2007evaluating,
  title={{Evaluating bag-of-visual-words representations in scene classification}},
  author={Yang, Jun and Jiang, Yu-Gang and Hauptmann, Alexander G and Ngo, Chong-Wah},
  booktitle={International workshop on Workshop on multimedia information retrieval},
  pages={197--206},
  year={2007},
}
@inproceedings{schuldt2004recognizing,
  title={{Recognizing human actions: a local SVM approach}},
  author={Sch{\"u}ldt, Christian and Laptev, Ivan and Caputo, Barbara},
  booktitle=ICPR,
  volume={3},
  pages={32--36},
  year={2004},
}
@inproceedings{lawrence2004gaussian,
  title={{Gaussian Process Latent Variable Models for visualisation of high dimensional data}},
  author={Lawrence, Neil D},
  booktitle=NIPS,
  pages={329--336},
  year={2004},
}
@article{chui1992introduction,
  title={An introduction to wavelets},
  author={Chui, Charles K},
  journal={Wavelet Analysis and its Applications},
  volume={1},
  year={1992}
} 

@article{tipping1999probabilistic,
  title={{Probabilistic Principal Component Analysis}},
  author={Tipping, Michael E and Bishop, Christopher M},
  journal={Journal of the Royal Statistical Society},
  volume={61},
  number={3},
  pages={611--622},
  year={1999},
}
@article{decoster1998overview,
  title={{Overview of factor analysis}},
  author={DeCoster, Jamie},
  year={1998}
}
@inproceedings{mairal2009online,
  title={{Online dictionary learning for sparse coding}},
  author={Mairal, Julien and Bach, Francis and Ponce, Jean and Sapiro, Guillermo},
  booktitle=ICML,
  pages={689--696},
  year={2009},
}
@article{ranganath2014deep,
  title={{Deep Exponential Families}},
  author={Ranganath, Rajesh and Tang, Linpeng and Charlin, Laurent and Blei, David M},
  journal={arXiv preprint arXiv:1411.2581},
  year={2014}
}
@inproceedings{salakhutdinov2009deep,
  title={{Deep Boltzmann Machines}},
  author={Salakhutdinov, Ruslan and Hinton, Geoffrey E},
  booktitle= AISTATS,
  pages={448--455},
  year={2009}
}
@article{hinton2006fast,
  title={{A fast learning algorithm for Deep Belief Nets}},
  author={Hinton, Geoffrey E and Osindero, Simon and Teh, Yee-Whye},
  journal={Neural computation},
  volume={18},
  number={7},
  pages={1527--1554},
  year={2006},
}

@INPROCEEDINGS{sato12rethink,
  title={{Rethinking Collapsed Variational Bayes Inference for LDA}},
  author={I.~ Sato and H.~Nakagawa},
  booktitle=ICML, 
  year={2012}
}

@article{blei03latent,
  title={{Latent Dirichlet Allocation}},
  author={Blei, David M and Ng, Andrew Y and Jordan, Michael I},
  journal=JMLR,
  volume={3},
  pages={993--1022},
  year={2003},
  publisher={JMLR. org}
}

@inproceedings{zhang13contextual,
 author = {C.~Zhang and D.~Song and H.~Kjellstrom},
 title = {{Contextual Modeling with Labeled Multi-LDA}},
 booktitle = IROS,
 address = {Tokyo, Japan},
 year = {2013},
}

@inproceedings{zhang14how,
 author = {C.~Zhang  and H.~Kjellstrom},
 title = {{How to Supervise Topic Models}},
 booktitle = {ECCV workshop on Graphical Models in Computer Vision},
 year = {2014},
}

@inproceedings{zhang13factorized,
 author = {C.~Zhang and C.~H.~Ek and A.~ Damianou and H.~Kjellstrom},
 title = {{Factorized Topic Models}},
 booktitle = ICLR,
 year = {2013},
}
@incollection{ek2008ambiguity,
  title={Ambiguity modeling in latent spaces},
  author={C.~H.~Ek and J.~Rihan  and P.~Torr and G.~Rogez and N.~Lawrence},
  booktitle={Machine learning for multimodal interaction},
  pages={62--73},
  year={2008},
  publisher={Springer}
}

@inproceedings{damianou12,
author = {A.~Damianou and H.~C.~E kand M.~Titsias and N.~D.~Lawrence},
title = {{Manifold Relevance Determination}},
booktitle = ICML,
year = {2012},
pages = {145--152},
}

@inproceedings{rabinovich14,
author={M.~Rabinovich and D.~M.~Blei},
title ={{The Inverse Regression Topic Model}},
booktitle = ICML,
year={2014}
}

@INPROCEEDINGS{minka05divergence, 
author={T.~P.~Minka}, 
booktitle={Microsoft Research Technical Report}, 
title={{Divergence measures and message passing}}, 
year={2005}
}
@inproceedings{wang2013variance,
  title={{Variance reduction for stochastic gradient optimization}},
  author={C.~Wang, X.~Chen, A.~Smola and E.~Xing},
  booktitle=NIPS,
  year={2013}
}

@inproceedings{blei2003modeling,
  title={{Modeling annotated data}},
  author={D.~M.~ Blei and M.~I.~Jordan},
  booktitle={International  Conference on Research and Development in Information Retrieval},
  pages={127--134},
  year={2003},
  organization={ACM}
}

@inproceedings{jiang2011learning,
  title={{Learning a discriminative dictionary for sparse coding via label consistent K-SVD}},
  author={Jiang, Zhuolin and Lin, Zhe and Davis, Larry S},
  booktitle=CVPR,
  pages={1697--1704},
  year={2011},
}
@article{virtanen2012factorized,
  title={{Factorized multi-modal topic model}},
  author={Virtanen, Seppo and Jia, Yangqing and Klami, Arto and Darrell, Trevor},
  journal={arXiv preprint arXiv:1210.4920},
  year={2012}
}
@inproceedings{mairal2009supervised,
  title={{Supervised dictionary learning}},
  author={Mairal, Julien and Ponce, Jean and Sapiro, Guillermo and Zisserman, Andrew and Bach, Francis R},
  booktitle=NIPS,
  pages={1033--1040},
  year={2009}
}

@inproceedings{wang2009simultaneous,
  title={{Simultaneous image classification and annotation}},
  author={Wang, Chong and Blei, David and Li, Fei-Fei},
  booktitle=CVPR,
  pages={1903--1910},
  year={2009},
  organization={IEEE}
}
@article{cimpoi2014deep,
  title={{Deep convolutional filter banks for texture recognition and segmentation}},
  author={Cimpoi, Mircea and Maji, Subhransu and Vedaldi, Andrea},
  journal={arXiv preprint arXiv:1411.6836},
  year={2014}
}
@inproceedings{wang2011max,
  title={{Max-margin Latent Dirichlet Allocation for Image Classification and Annotations}},
  author={Wang, Yang and Mori, Greg},
  booktitle={BMVC},
  pages={7},
  year={2011}
}
@inproceedings{lazebnik2006beyond,
  title={Beyond bags of features: Spatial pyramid matching for recognizing natural scene categories},
  author={Lazebnik, Svetlana and Schmid, Cordelia and Ponce, Jean},
  booktitle=CVPR,
  volume={2},
  pages={2169--2178},
  year={2006},
  organization={IEEE}
}
@inproceedings{sharif2015baseline,
  title={A Baseline for Visual Instance Retrieval with Deep Convolutional Networks},
  author={Sharif Razavian, Ali and Sullivan, Josephine and Maki, Atsuto and Carlsson, Stefan},
  booktitle=ICLR,
  year={2015}
}
@article{tucker58,
author = {L.~R.~Tucker},
title = {{An Inter-Battery Method of Factory Analysis}},
journal = {Psychometrika},
year = {1958},
volume = {23},
month = jun
}
@article{browne11,
author = {M.~W.~Browne},
title = {{The maximum-likelihood solution in inter-battery factor analysis}},
journal = {British Journal of Mathematical and Statistical Psychology},
year = {2011},
volume = {32},
number = {1},
pages = {75--86},
month = aug
}
@inproceedings{niu14,
author = {Z.~Niu and G.~Hua and X.~Gao and Q.~Tian},
title ={Semi-supervised relational topic model for weakly annotated image recognition in social media},
booktitle = CVPR,
year = {2014}
}

@article{blei10,
	title = {{Supervised Topic Models}},
	author = {Blei, D.~M. and McAuliffe, J.~D.},
	journal={arXiv preprint arXiv:1003.0783},
	year = {2010}
}

@inproceedings{zhang13c,
 author = {C.~Zhang and C.~H.~Ek and X.~Gratal and F.~T.~Pokorny and H.~Kjellstr{\"o}m},
 title = { Supervised hierarchical {D}irichlet processes with variational inference.},
 booktitle = {ICCV workshop on Inference for probabilistic graphical models},
 year = {2013}
}

@inproceedings{zhu09,
author = {J.~Zhu and A.~Ahmed and E.~P.~Xing},
title = {{MedLDA: Maximum Margin Supervised Topic Models for Regression and Classification}},
booktitle =  ICML,
year = {2009},
    }
@inproceedings{ramageNLP09,
 author = {D.~Ramage and D.~Hall and R.~Nallapati and C.~D.~Manning},
 title = {Labeled {LDA}: a supervised topic model for credit attribution in multi-labeled corpora},
 booktitle = EMNLP,
 year = {2009}
  } 

@inproceedings{julien08,
author = {S.~Lacoste-Julien and F.~Sha and M.~I.~Jordan},
title = {{DiscLDA}: Discriminative Learning for Dimensionality Reduction and Classification},
booktitle =  NIPS,
year = {2008},
  }
  
@inproceedings{zhu13,
author={J.~Zhu and  N.~ Chen and  H.~ Perkins and B.~ Zhang},
title ={Gibbs max-margin supervised topic models with fast sampling algorithms},
booktitle = ICML,
year={2013}
}
@incollection{li2012objects,
  title={Objects as attributes for scene classification},
  author={L.~J.~Li  and H.~Su and Y.~Lim and L.~Fei-Fei},
  booktitle={Trends and Topics in Computer Vision},
  pages={57--69},
  year={2012},
  publisher={Springer}
}
@InProceedings{wang2009Learning,
   title = {Learning models for object recognition from natural language descriptions},
   author = {J.~Wang and K.~Markert and M.~Everingham},
   booktitle = BMVC,
   year = {2009}
}
@inproceedings{gong2014multi,
  title={Multi-scale orderless pooling of deep convolutional activation features},
  author={Y.~Gong and L.~Wang and R.~Guo and S.~Lazebnik},
  booktitle={ECCV},
  pages={392--407},
  year={2014},
  publisher={Springer}
}
@article{Simonyan14c,
    author       = {K.~Simonyan and A.~Zisserman},
    title        = {Very Deep Convolutional Networks for Large-Scale Image Recognition},
    journal      = {CoRR},
    volume     = {abs/1409.1556},
    year         = {2014}
}

@inproceedings{fei2005bayesian,
  title={A bayesian hierarchical model for learning natural scene categories},
  author={Fei-Fei, Li and Perona, Pietro},
  booktitle=CVPR,
  volume={2},
  pages={524--531},
  year={2005},
  organization={IEEE}
}
@inproceedings{blei2006correlated,
  title={Correlated topic models},
  author={D.~Blei and J~Lafferty},
  booktitle=NIPS,
  volume={18},
  pages={147},
  year={2006},
}
@inproceedings{hospedales11,
author = {T.~M.~Hospedales and S.~G.~Gong and T.~Xiang},
title = {Learning tags from unsegemented videos of multiple human actions},
booktitle = ICDM,
year = {2011}
    }
    
    @inproceedings{azizpour15,
author = {H.~Azizpour and  A.~Razavian and J.~Sullivan and A.~Maki and S.~Carlsson},
title = {From Generic to Specific Deep Representations for Visual Recognition},
booktitle ={DeepVision workshop, CVPR},
year = {2015}
    }
    
@INPROCEEDINGS{zheng14topic, 
author={Y.~Zheng and Y.~J.~Zhang and H.~Larochelle}, 
booktitle=CVPR, 
title={{Topic Modeling of Multimodal Data: An Autoregressive Approach}}, 
year={2014}, 
pages={1370-1377}, 
month={June},}




@INPROCEEDINGS{minka05, 
author={T.~P.~Minka}, 
booktitle={Microsoft Research Technical Report}, 
title={Divergence measures and message passing}, 
year={2005}
}

@book{bishop06,
  title={Pattern recognition and machine learning},
  author={C.~M.~Bishop},
  year={2006},
  publisher={springer}
}

@article{parikh,
  title={Proximal Algorithms},
  author={N.~Parikh and S.~Boyd},
  year={2013},
  journal={Foundations and Trends in Optimization}
}

@INPROCEEDINGS{sato12,
  title={Rethinking Collapsed Variational Bayes Inference for LDA},
  author={I.~ Sato and H.~Nakagawa},
  booktitle=ICML, 
  year={2012}
}

@article{salimans14,
  title={Markov chain Monte Carlo and variational inference: Bridging the gap},
  author={Tim.~Salimans and D.~P.~Kingma and  M.~Welling },
  journal={arXiv preprint arXiv:1410.6460},
  year={2014}
}

@INPROCEEDINGS{asuncion10, 
author={Asuncion}, 
booktitle=ICML, 
title={Approximate Mean Field for Dirichlet-Based models}, 
year={2010}
}

@INPROCEEDINGS{theis15, 
author={L.~Theis and M.~Hoffman}, 
booktitle=ICML, 
title={A trust-region method for stochastic variational inference with applications to streaming data}, 
year={2015}
}
@techreport{heinrich2005parameter,
  title={Parameter estimation for text analysis},
  author={Heinrich, Gregor},
  year={2005},
  institution={Technical report}
}

@inproceedings{asuncion09,
  title={On smoothing and inference for topic models},
  author={A.~ Asuncion  and M.~Welling and P.~Smyth  and Y.~W.~Teh},
  booktitle=UAI,
  pages={27--34},
  year={2009},
}
@article{kingma2013auto,
  title={Auto-encoding variational bayes},
  author={Kingma, Diederik P and Welling, Max},
  journal={arXiv preprint arXiv:1312.6114},
  year={2013}
}
@inproceedings{kingma2015variational,
  title={Variational Dropout and the Local Reparameterization Trick},
  author={Kingma, Diederik P and Salimans, Tim and Welling, Max},
  booktitle={Advances in Neural Information Processing Systems},
  year={2015}
}
@inproceedings{mnih2014neural,
  title={Neural Variational Inference and Learning in Belief Networks},
  author={Mnih, Andriy and Gregor, Karol},
  booktitle={Proceedings of the 31st International Conference on Machine Learning (ICML-14)},
  pages={1791--1799},
  year={2014}
}
@article{paisley2012variational,
  title={Variational Bayesian Inference with Stochastic Search},
  author={Paisley, John and Blei, David M and Jordan, Michael I},
  year={2012}
}
@article{hoffman13,
  title={Stochastic variational inference},
  author={Hoffman, Matthew D and Blei, David M and Wang, Chong and Paisley, John},
  journal={The Journal of Machine Learning Research},
  volume={14},
  number={1},
  pages={1303--1347},
  year={2013},
  publisher={JMLR. org}
}
@inproceedings{wang11online,
  title={Online variational inference for the hierarchical Dirichlet process},
  author={Wang, Chong and Paisley, John W and Blei, David M},
  booktitle={International conference on artificial intelligence and statistics},
  pages={752--760},
  year={2011}
}
@inproceedings{hoffman2010online,
  title={Online learning for latent dirichlet allocation},
  author={Hoffman, Matthew and Bach, Francis R and Blei, David M},
  booktitle={advances in neural information processing systems},
  pages={856--864},
  year={2010}
}
@inproceedings{mimno2012sparse,
  title={Sparse stochastic inference for latent Dirichlet allocation},
  author={Mimno, David and Hoffman, Matthew D and Blei, David M},
  booktitle=ICML, 
  year={2012}
}

@inproceedings{houlsby2014filtering,
  title={A Filtering Approach to Stochastic Variational Inference},
  author={Houlsby, Neil and Blei, David},
  booktitle=NIPS,
  pages={2114--2122},
  year={2014}
}
@article{Ganchev:2010,
 author = {Ganchev, Kuzman and Gra\c{c}a, Jo\~{a}o and Gillenwater, Jennifer and Taskar, Ben},
 title = {Posterior Regularization for Structured Latent Variable Models},
 journal = {J. Mach. Learn. Res.},
 issue_date = {3/1/2010},
 volume = {11},
 month = aug,
 year = {2010},
 issn = {1532-4435},
 pages = {2001--2049},
 numpages = {49},
 url = {http://dl.acm.org/citation.cfm?id=1756006.1859918},
 acmid = {1859918},
 publisher = {JMLR.org},
} 

@inproceedings{salakhutdinov2009deep,
  title={Deep boltzmann machines},
  author={Salakhutdinov, Ruslan and Hinton, Geoffrey E},
  booktitle={International Conference on Artificial Intelligence and Statistics},
  pages={448--455},
  year={2009}
}
@article{hinton2006fast,
  title={A fast learning algorithm for deep belief nets},
  author={Hinton, Geoffrey E and Osindero, Simon and Teh, Yee-Whye},
  journal={Neural computation},
  volume={18},
  number={7},
  pages={1527--1554},
  year={2006},
  publisher={MIT Press}
}
@inproceedings{porteous2008fast,
  title={Fast collapsed gibbs sampling for latent dirichlet allocation},
  author={Porteous, Ian and Newman, David and Ihler, Alexander and Asuncion, Arthur and Smyth, Padhraic and Welling, Max},
  booktitle={Proceedings of the 14th ACM SIGKDD international conference on Knowledge discovery and data mining},
  pages={569--577},
  year={2008},
  organization={ACM}
}
@inproceedings{teh2006collapsed,
  title={A collapsed variational Bayesian inference algorithm for latent Dirichlet allocation},
  author={Teh, Yee W and Newman, David and Welling, Max},
  booktitle={Advances in neural information processing systems},
  pages={1353--1360},
  year={2006}
}
@article{salimans2013fixed,
  title={Fixed-form variational posterior approximation through stochastic linear regression},
  author={Salimans, Tim and Knowles, David A and others},
  journal={Bayesian Analysis},
  volume={8},
  number={4},
  pages={837--882},
  year={2013},
  publisher={International Society for Bayesian Analysis}
}
@article{ahn2012bayesian,
  title={Bayesian posterior sampling via stochastic gradient Fisher scoring},
  author={Ahn, Sungjin and Korattikara, Anoop and Welling, Max},
  journal={arXiv preprint arXiv:1206.6380},
  year={2012}
}
@article{ranganath2014deep,
  title={Deep exponential families},
  author={Ranganath, Rajesh and Tang, Linpeng and Charlin, Laurent and Blei, David M},
  journal={arXiv preprint arXiv:1411.2581},
  year={2014}
}
@article{damianou2012deep,
  title={Deep gaussian processes},
  author={Damianou, Andreas C and Lawrence, Neil D},
  journal={arXiv preprint arXiv:1211.0358},
  year={2012}
}
@inproceedings{winn2005variational,
  title={Variational message passing},
  author={Winn, John M and Bishop, Christopher M},
  booktitle={Journal of Machine Learning Research},
  pages={661--694},
  year={2005}
}
@inproceedings{hensman2012fast,
  title={Fast variational inference in the conjugate exponential family},
  author={Hensman, James and Rattray, Magnus and Lawrence, Neil D},
  booktitle={Advances in Neural Information Processing Systems},
  pages={2888--2896},
  year={2012}
}
@inproceedings{minka2001expectation,
  title={Expectation propagation for approximate Bayesian inference},
  author={Minka, Thomas P},
  booktitle={Proceedings of the Seventeenth conference on Uncertainty in artificial intelligence},
  pages={362--369},
  year={2001},
  organization={Morgan Kaufmann Publishers Inc.}
}
@article{blei2003latent,
  title={Latent dirichlet allocation},
  author={Blei, David M and Ng, Andrew Y and Jordan, Michael I},
  journal={the Journal of machine Learning research},
  volume={3},
  pages={993--1022},
  year={2003},
  publisher={JMLR. org}
}
@article{lawrence2004gaussian,
  title={Gaussian process latent variable models for visualisation of high dimensional data},
  author={Lawrence, Neil D},
  journal={Advances in neural information processing systems},
  volume={16},
  number={3},
  pages={329--336},
  year={2004},
  publisher={of}
}
@article{shah2015empirical,
  title={An Empirical Study of Stochastic Variational Algorithms for the Beta Bernoulli Process},
  author={Shah, Amar and Knowles, David A and Ghahramani, Zoubin},
  journal={arXiv preprint arXiv:1506.08180},
  year={2015}
}
@article{hoffman2014structured,
  title={Structured stochastic variational inference},
  author={Hoffman, Matthew D and Blei, David M},
  journal={arXiv preprint arXiv:1404.4114},
  year={2014}
}

@inproceedings{ranganath2014black,
  title={$\{$Black Box Variational Inference$\}$},
  author={Ranganath, Rajesh and Gerrish, Sean and Blei, David},
  booktitle={Proceedings of the Seventeenth International Conference on Artificial Intelligence and Statistics},
  pages={814--822},
  year={2014}
}
@article{korattikara2015bayesian,
  title={Bayesian Dark Knowledge},
  author={Korattikara, Anoop and Rathod, Vivek and Murphy, Kevin and Welling, Max},
  journal={arXiv preprint arXiv:1506.04416},
  year={2015}
}
@inproceedings{porteous2008fast,
  title={Fast collapsed gibbs sampling for latent dirichlet allocation},
  author={Porteous, Ian and Newman, David and Ihler, Alexander and Asuncion, Arthur and Smyth, Padhraic and Welling, Max},
  booktitle={Proceedings of the 14th ACM SIGKDD international conference on Knowledge discovery and data mining},
  pages={569--577},
  year={2008},
  organization={ACM}
}
@article{van2008partially,
  title={Partially collapsed Gibbs samplers: Theory and methods},
  author={Van Dyk, David A and Park, Taeyoung},
  journal={Journal of the American Statistical Association},
  volume={103},
  number={482},
  pages={790--796},
  year={2008},
  publisher={Taylor \& Francis}
}
@inproceedings{welling2011bayesian,
  title={Bayesian learning via stochastic gradient Langevin dynamics},
  author={Welling, Max and Teh, Yee W},
  booktitle={Proceedings of the 28th International Conference on Machine Learning (ICML-11)},
  pages={681--688},
  year={2011}
}
@inproceedings{ahn2014distributed,
  title={Distributed stochastic gradient MCMC},
  author={Ahn, Sungjin and Shahbaba, Babak and Welling, Max},
  booktitle={Proceedings of the 31st International Conference on Machine Learning (ICML-14)},
  pages={1044--1052},
  year={2014}
}
@inproceedings{gal2014distributed,
  title={Distributed variational inference in sparse Gaussian process regression and latent variable models},
  author={Gal, Yarin and van der Wilk, Mark and Rasmussen, Carl},
  booktitle={Advances in Neural Information Processing Systems},
  pages={3257--3265},
  year={2014}
}
@article{chen2014stochastic,
  title={Stochastic gradient hamiltonian monte carlo},
  author={Chen, Tianqi and Fox, Emily B and Guestrin, Carlos},
  journal={arXiv preprint arXiv:1402.4102},
  year={2014}
}
@inproceedings{patterson2013stochastic,
  title={Stochastic gradient Riemannian Langevin dynamics on the probability simplex},
  author={Patterson, Sam and Teh, Yee Whye},
  booktitle={Advances in Neural Information Processing Systems},
  pages={3102--3110},
  year={2013}
}
@inproceedings{ding2014bayesian,
  title={Bayesian sampling using stochastic gradient thermostats},
  author={Ding, Nan and Fang, Youhan and Babbush, Ryan and Chen, Changyou and Skeel, Robert D and Neven, Hartmut},
  booktitle={Advances in Neural Information Processing Systems},
  pages={3203--3211},
  year={2014}
}
@inproceedings{rezende2014stochastic,
  title={Stochastic Backpropagation and Approximate Inference in Deep Generative Models},
  author={Rezende, Danilo Jimenez and Mohamed, Shakir and Wierstra, Daan},
  booktitle={Proceedings of The 31st International Conference on Machine Learning},
  pages={1278--1286},
  year={2014}
}
@inproceedings{titsias2014doubly,
  title={Doubly stochastic variational bayes for non-conjugate inference},
  author={Titsias, Michalis and L{\'a}zaro-Gredilla, Miguel},
  booktitle={Proceedings of the 31st International Conference on Machine Learning (ICML-14)},
  pages={1971--1979},
  year={2014}
}

@article{casella1992explaining,
  title={Explaining the Gibbs sampler},
  author={Casella, George and George, Edward I},
  journal={The American Statistician},
  volume={46},
  number={3},
  pages={167--174},
  year={1992},
  publisher={Taylor \& Francis}
}

@inproceedings{khan2015kullback,
  title={Kullback-Leibler Proximal Variational Inference},
  author={Khan, Mohammad E and Baqu{\'e}, Pierre and Fleuret, Fran{\c{c}}ois and Fua, Pascal},
  booktitle={Advances in Neural Information Processing Systems},
  pages={3384--3392},
  year={2015}
}

@inproceedings{snoek2012practical,
  title={Practical Bayesian optimization of machine learning algorithms},
  author={Snoek, Jasper and Larochelle, Hugo and Adams, Ryan P},
  booktitle={Advances in neural information processing systems},
  pages={2951--2959},
  year={2012}
}

@inproceedings{titsias2015local,
  title={Local Expectation Gradients for Black Box Variational Inference},
  author={Titsias, Michalis and L{\'a}zaro-Gredilla, Miguel},
  booktitle={Advances in Neural Information Processing Systems},
  pages={2620--2628},
  year={2015}
}
@misc{reuters,
author={Reuters-21578},
title={http://csmining.org/index.php/r52-and-r8-of-reuters-21578.html}
}
@ARTICLE{laptev05,
	AUTHOR = {I.~Laptev},
	TITLE = {On space-time interest points},
   JOURNAL = IJCV, 
	VOLUME = {64},
	NUMBER = {2/3},
	YEAR = {2005},
	PAGES = {107--123}
	}


@ARTICLE{lowe04,
	AUTHOR = {D.~G.~Lowe},
	TITLE = {Distinctive image features from scale-invariant keypoints},
	JOURNAL = IJCV,
	VOLUME = {60},
	NUMBER = {2},
	YEAR = {2004},
	PAGES = {91--110}
	}

@article{blei03,
 author = {D.~M.~Blei and A.~Y.~Ng and M.~I.~Jordan},
 title = {Latent {Dirichlet} allocation},
 journal = {Journal of Machine Learning Research},
 volume = {3},
 year = {2003},
 pages = {993--1022}
} 

@techreport{heinrich08,
	title = {Parameter estimation for text analysis},
	author = {G.~Heinrich},
	year = {2005}
	}

@INPROCEEDINGS{feifei05, 
author={Fei-Fei, L. and Perona, P.}, 
booktitle=CVPR, 
title={A Bayesian hierarchical model for learning natural scene categories}, 
year={2005}
}

@INPROCEEDINGS{damianou12, 
author={Damianou, A. and Ek, C.~H. and Titsias, M. and Lawrence, N.~D.}, 
booktitle=ICML, 
title={A Bayesian hierarchical model for learning natural scene categories}, 
year={2012}
}

@INPROCEEDINGS{navaratnam07, 
author={Navaratnam, R. and Fitzgibbon, A.~W. and Cipolla, R.}, 
booktitle=ICCV, 
title={The joint manifold model for semi-supervised multi-valued regression}, 
year={2007}
}

@misc{blei10,
	title = {Supervised Topic Models, {\em arXiv:1003.0783}},
	author = {Blei, D.~M. and McAuliffe, J.~D.},
	year = {2010}
}
@inproceedings{blei-jordan03,
 author = {D.~M.~Blei and M.~I.~Jordan},
 title = {Modeling annotated data},
 booktitle = {International ACM SIGIR Conference on Research and Development in Information Retrieval},
 year = {2003}
} 

@INPROCEEDINGS{niu11, 
author={Z.~Niu and G.~Hua and X.~Gao and Q.~Tian}, 
booktitle=CVPR, 
title={{Spatial-DiscLDA} for visual recognition}, 
year={2011}
}

@INPROCEEDINGS{cao07, 
author={L.~Cao and L.~Fei-Fei}, 
booktitle=ICCV, 
title={Spatially Coherent Latent Topic Model for Concurrent Segmentation and Classification of Objects and Scenes}, 
year={2007}
}
@INPROCEEDINGS{cwang09, 
author={C.~Wang and D.~M.~Blei and L.~Fei-Fei}, 
booktitle=CVPR, 
title={Simultaneous image classification and annotation}, 
year={2009}
}

@INPROCEEDINGS{xwang07,
	title = {Spatial Latent {Dirichlet} Allocation},
	author = {X.~Wang and E.~Grimson},
	booktitle=NIPS,
	year = {2007}
}

@inproceedings{ramageCluster09,
 author = {D.~Ramage and P.~Heymann and C.~D.~Manning and H.~Garcia-Molina},
 title = {Clustering the tagged web},
 booktitle = {ACM International Conference on Web Search and Data Mining},
 year = {2009}
 } 

@inproceedings{ramageNLP09,
 author = {D.~Ramage and D.~Hall and R.~Nallapati and C.~D.~Manning},
 title = {Labeled {LDA}: a supervised topic model for credit attribution in multi-labeled corpora},
 booktitle = {Conference on Empirical Methods in Natural Language Processing},
 year = {2009}
  } 

@inproceedings{lacoste08,
 author = {S.~Lacoste-Julien and F.~Sha and M.~I.~Jordan},
 title = {{DiscLDA}: Discriminative Learning for Dimensionality Reduction and Classification},
 booktitle = NIPS,
 year = {2008}
} 

@article{teh06,
author = {Y.~W.~Teh and M.~I.~Jordan and M.~J.~Beal and D.~M.~Blei},
title = {Hierarchical {Dirichlet} Processes},
journal = {Journal of the American Statistical Association},
volume={101},
number={476},
pages={1566--1581},
year={2006}
}

@inproceedings{wang11,
author = {C.~Wang and J.~Paisley and D.~Blei},
title = {Online variational inference for the hierarchical {Dirichlet} process},
booktitle = {AISTATS},
year={2011}
}

@inproceedings{hoffman10,
author = {M.~D.~Hoffman and D.~M.~Blei and F.~Bach},
title = {Online learning for latent {Dirichlet} allocation},
booktitle = NIPS,
year={2010}
}


@INPROCEEDINGS{Rasiwasia10,
 author = {N.~Rasiwasia and J.~ Pereira and E.~Coviello and G.~Doyle and G.~Lanckriet and R.~Levy and N.~Vasconcelos},
 title = {A new approach to cross-modal multimedia retrieval},
 booktitle = MMM,
 year = {2010},
} 

@INPROCEEDINGS{Virtanen12,
author={S.~ Virtanen and Y.~Jia and A.~Klami  and T.~Darrell},
title={Factorized Multi-Modal Topic Model},
booktitle =UAI,
year={2012},
}

@INPROCEEDINGS{niu12, 
author={Z.~Niu and G.~Hua and X.~Gao and Q.~Tian}, 
booktitle=CVPR,
title={Context aware topic model for scene recognition}, 
year={2012}, 
}

 @INPROCEEDINGS{Hofmann99,
   AUTHOR  = {T.~Hofmann},
   TITLE = {Probabilistic Latent Semantic Analysis},
   BOOKTITLE= UAI,
   YEAR= {1999}
}

@INPROCEEDINGS{Blei06,
    author = {D.~M.~Blei and J.~D.~Lafferty},
    title = {Correlated Topic Models},
    booktitle=NIPS,
    year = {2006}
}

@INPROCEEDINGS{Blei06D,
 author = {Blei, D.~M. and Lafferty, J.~D.},
 title = {Dynamic topic models},
 booktitle = ICML,
 year = {2006},
} 
@INPROCEEDINGS{Blei11,
 author = {S.~M.~Gerrish and D.~M.~Blei},
 title = {Predicting Legislative Roll Calls from Text},
 booktitle = ICML,
 year = {2011}
} 


@INPROCEEDINGS{gormley12,
author = {M.~R.~ Gormley and M.~ Dredze and B.~ Van~ Durme and J.~ Eisner},
title = {Shared Components Topic Models},
booktitle = NAACL,
year={2012}
}
@INPROCEEDINGS{wang09,
author = {C.~Wang and D.~M.~Blei},
title = {Decoupling Sparsity and Smoothness in the
Discrete Hierarchical Dirichlet Process},
booktitle = NIPS,
year={2009}
}
@INPROCEEDINGS{eisenstein11,
author = {J.~ Eisenstein and A.~Ahmed and E.~P.~Xing},
title = {Sparse Additive Generative Models of Text},
booktitle = ICML,
year={2011}
}
@INPROCEEDINGS{jia11,
author = {Y.~ Jia and M.~ Salzmann and T.~ Darrell },
title = {Learning Cross-modality Similarity for Multinomial Data},
booktitle = ICCV,
year={2011}
}
@ARTICLE{leibe08,
	AUTHOR = {B.~Leibe and A.~Leonardis and B.~ Schiele},
	TITLE = {Robust object detection with interleaved categorization and
segmentation},
	JOURNAL = IJCV,
	VOLUME = {77},
	NUMBER = {1},
	YEAR = {2008},
	PAGES = {259--289}
}

@article{pluim00,
	AUTHOR = {J.~ P.W.~ Pluim and J.B.~ A.~ Maintz and M.~A.~
Viergever},
	TITLE = {Interpolation Artefacts in Mutual Information-Based Image
Registration},
	JOURNAL = CVIU,
	VOLUME = {77},
	NUMBER = {2},
	YEAR = {2000},
	PAGES = {1077--3142}
}
@article{paisley11,
  title={The discrete infinite logistic normal distribution},
  author={J.~ Paisley and C.~Wang and D.~Blei},
  journal={arXiv preprint arXiv:1103.4789},
  year={2011}
}
@ARTICLE{paisley12,
   author = {J.~ Paisley and C.~Wang and D.~Blei and M.~I.~Jordan},
    title = "{Nested Hierarchical Dirichlet Processes}",
  journal = {ArXiv e-prints},
archivePrefix = "arXiv",
   eprint = {1210.6738},
year = 2012,
}


@INPROCEEDINGS{minka05, 
author={T.~P.~Minka}, 
booktitle={Microsoft Research Technical Report}, 
title={Divergence measures and message passing}, 
year={2005}
}

@book{bishop06,
  title={Pattern recognition and machine learning},
  author={C.~M.~Bishop},
  year={2006},
  publisher={springer}
}

@article{parikh,
  title={Proximal Algorithms},
  author={N.~Parikh and S.~Boyd},
  year={2013},
  journal={Foundations and Trends in Optimization}
}

@INPROCEEDINGS{sato12,
  title={Rethinking Collapsed Variational Bayes Inference for LDA},
  author={I.~ Sato and H.~Nakagawa},
  booktitle=ICML, 
  year={2012}
}

@article{salimans14,
  title={Markov chain Monte Carlo and variational inference: Bridging the gap},
  author={Tim.~Salimans and D.~P.~Kingma and  M.~Welling },
  journal={arXiv preprint arXiv:1410.6460},
  year={2014}
}

@INPROCEEDINGS{asuncion10, 
author={Asuncion}, 
booktitle=ICML, 
title={Approximate Mean Field for Dirichlet-Based models}, 
year={2010}
}

@INPROCEEDINGS{theis15, 
author={L.~Theis and M.~Hoffman}, 
booktitle=ICML, 
title={A trust-region method for stochastic variational inference with applications to streaming data}, 
year={2015}
}
@techreport{heinrich2005parameter,
  title={Parameter estimation for text analysis},
  author={Heinrich, Gregor},
  year={2005},
  institution={Technical report}
}

@inproceedings{asuncion09,
  title={On smoothing and inference for topic models},
  author={A.~ Asuncion  and M.~Welling and P.~Smyth  and Y.~W.~Teh},
  booktitle=UAI,
  pages={27--34},
  year={2009},
}
@article{kingma2013auto,
  title={Auto-encoding variational bayes},
  author={Kingma, Diederik P and Welling, Max},
  journal={arXiv preprint arXiv:1312.6114},
  year={2013}
}
@inproceedings{kingma2015variational,
  title={Variational Dropout and the Local Reparameterization Trick},
  author={Kingma, Diederik P and Salimans, Tim and Welling, Max},
  booktitle={Advances in Neural Information Processing Systems},
  year={2015}
}
@inproceedings{mnih2014neural,
  title={Neural Variational Inference and Learning in Belief Networks},
  author={Mnih, Andriy and Gregor, Karol},
  booktitle={Proceedings of the 31st International Conference on Machine Learning (ICML-14)},
  pages={1791--1799},
  year={2014}
}
@article{paisley2012variational,
  title={Variational Bayesian Inference with Stochastic Search},
  author={Paisley, John and Blei, David M and Jordan, Michael I},
  year={2012}
}
@article{hoffman13,
  title={Stochastic variational inference},
  author={Hoffman, Matthew D and Blei, David M and Wang, Chong and Paisley, John},
  journal={The Journal of Machine Learning Research},
  volume={14},
  number={1},
  pages={1303--1347},
  year={2013},
  publisher={JMLR. org}
}
@inproceedings{wang11online,
  title={Online variational inference for the hierarchical Dirichlet process},
  author={Wang, Chong and Paisley, John W and Blei, David M},
  booktitle={International conference on artificial intelligence and statistics},
  pages={752--760},
  year={2011}
}
@inproceedings{hoffman2010online,
  title={Online learning for latent dirichlet allocation},
  author={Hoffman, Matthew and Bach, Francis R and Blei, David M},
  booktitle={advances in neural information processing systems},
  pages={856--864},
  year={2010}
}
@inproceedings{mimno2012sparse,
  title={Sparse stochastic inference for latent Dirichlet allocation},
  author={Mimno, David and Hoffman, Matthew D and Blei, David M},
  booktitle=ICML, 
  year={2012}
}

@inproceedings{houlsby2014filtering,
  title={A Filtering Approach to Stochastic Variational Inference},
  author={Houlsby, Neil and Blei, David},
  booktitle=NIPS,
  pages={2114--2122},
  year={2014}
}
@article{Ganchev:2010,
 author = {Ganchev, Kuzman and Gra\c{c}a, Jo\~{a}o and Gillenwater, Jennifer and Taskar, Ben},
 title = {Posterior Regularization for Structured Latent Variable Models},
 journal = {J. Mach. Learn. Res.},
 issue_date = {3/1/2010},
 volume = {11},
 month = aug,
 year = {2010},
 issn = {1532-4435},
 pages = {2001--2049},
 numpages = {49},
 url = {http://dl.acm.org/citation.cfm?id=1756006.1859918},
 acmid = {1859918},
 publisher = {JMLR.org},
} 

@inproceedings{salakhutdinov2009deep,
  title={Deep boltzmann machines},
  author={Salakhutdinov, Ruslan and Hinton, Geoffrey E},
  booktitle={International Conference on Artificial Intelligence and Statistics},
  pages={448--455},
  year={2009}
}
@article{hinton2006fast,
  title={A fast learning algorithm for deep belief nets},
  author={Hinton, Geoffrey E and Osindero, Simon and Teh, Yee-Whye},
  journal={Neural computation},
  volume={18},
  number={7},
  pages={1527--1554},
  year={2006},
  publisher={MIT Press}
}
@inproceedings{porteous2008fast,
  title={Fast collapsed gibbs sampling for latent dirichlet allocation},
  author={Porteous, Ian and Newman, David and Ihler, Alexander and Asuncion, Arthur and Smyth, Padhraic and Welling, Max},
  booktitle={Proceedings of the 14th ACM SIGKDD international conference on Knowledge discovery and data mining},
  pages={569--577},
  year={2008},
  organization={ACM}
}
@inproceedings{teh2006collapsed,
  title={A collapsed variational Bayesian inference algorithm for latent Dirichlet allocation},
  author={Teh, Yee W and Newman, David and Welling, Max},
  booktitle={Advances in neural information processing systems},
  pages={1353--1360},
  year={2006}
}
@article{salimans2013fixed,
  title={Fixed-form variational posterior approximation through stochastic linear regression},
  author={Salimans, Tim and Knowles, David A and others},
  journal={Bayesian Analysis},
  volume={8},
  number={4},
  pages={837--882},
  year={2013},
  publisher={International Society for Bayesian Analysis}
}
@article{ahn2012bayesian,
  title={Bayesian posterior sampling via stochastic gradient Fisher scoring},
  author={Ahn, Sungjin and Korattikara, Anoop and Welling, Max},
  journal={arXiv preprint arXiv:1206.6380},
  year={2012}
}
@article{ranganath2014deep,
  title={Deep exponential families},
  author={Ranganath, Rajesh and Tang, Linpeng and Charlin, Laurent and Blei, David M},
  journal={arXiv preprint arXiv:1411.2581},
  year={2014}
}
@article{damianou2012deep,
  title={Deep gaussian processes},
  author={Damianou, Andreas C and Lawrence, Neil D},
  journal={arXiv preprint arXiv:1211.0358},
  year={2012}
}
@inproceedings{winn2005variational,
  title={Variational message passing},
  author={Winn, John M and Bishop, Christopher M},
  booktitle={Journal of Machine Learning Research},
  pages={661--694},
  year={2005}
}
@inproceedings{hensman2012fast,
  title={Fast variational inference in the conjugate exponential family},
  author={Hensman, James and Rattray, Magnus and Lawrence, Neil D},
  booktitle={Advances in Neural Information Processing Systems},
  pages={2888--2896},
  year={2012}
}
@inproceedings{minka2001expectation,
  title={Expectation propagation for approximate Bayesian inference},
  author={Minka, Thomas P},
  booktitle={Proceedings of the Seventeenth conference on Uncertainty in artificial intelligence},
  pages={362--369},
  year={2001},
  organization={Morgan Kaufmann Publishers Inc.}
}

@article{lawrence2004gaussian,
  title={Gaussian process latent variable models for visualisation of high dimensional data},
  author={Lawrence, Neil D},
  journal={Advances in neural information processing systems},
  volume={16},
  number={3},
  pages={329--336},
  year={2004},
  publisher={of}
}





%%1992
@article{casella1992explaining,
  title={Explaining the Gibbs sampler},
  author={Casella, George and George, Edward I},
  journal={The American Statistician},
  volume={46},
  number={3},
  pages={167--174},
  year={1992},
  publisher={Taylor \& Francis}
}
%%%%%%%%%%%%%2003%%%%%%%%%%%
@article{blei2003latent,
  title={Latent dirichlet allocation},
  author={Blei, David M and Ng, Andrew Y and Jordan, Michael I},
  journal={the Journal of machine Learning research},
  volume={3},
  pages={993--1022},
  year={2003},
  publisher={JMLR. org}
}
%%%%%%%%%%%%%2008%%%%%%%%%%%
@inproceedings{porteous2008fast,
  title={Fast collapsed gibbs sampling for latent dirichlet allocation},
  author={Porteous, Ian and Newman, David and Ihler, Alexander and Asuncion, Arthur and Smyth, Padhraic and Welling, Max},
  booktitle={Proceedings of the 14th ACM SIGKDD international conference on Knowledge discovery and data mining},
  pages={569--577},
  year={2008},
  organization={ACM}
}

@article{van2008partially,
  title={Partially collapsed Gibbs samplers: Theory and methods},
  author={Van Dyk, David A and Park, Taeyoung},
  journal={Journal of the American Statistical Association},
  volume={103},
  number={482},
  pages={790--796},
  year={2008},
  publisher={Taylor \& Francis}
}

%%%%%%%%%%%%%2010%%%%%%%%%%%
@article{frigyik2010-dirichlet-intro,
  title={Introduction to the Dirichlet distribution and related processes},
  author={Frigyik, Bela A and Kapila, Amol and Gupta, Maya R},
  journal={Department of Electrical Engineering, University of Washignton, UWEETR-2010-0006},
  year={2010}
}
%%%%%%%%%%%%%2011%%%%%%%%%%%
@inproceedings{welling2011bayesian,
  title={Bayesian learning via stochastic gradient Langevin dynamics},
  author={Welling, Max and Teh, Yee W},
  booktitle={Proceedings of the 28th International Conference on Machine Learning (ICML-11)},
  pages={681--688},
  year={2011}
}
%%%2012%%%%%%%%%%%
@inproceedings{snoek2012practical,
  title={Practical Bayesian optimization of machine learning algorithms},
  author={Snoek, Jasper and Larochelle, Hugo and Adams, Ryan P},
  booktitle={Advances in neural information processing systems},
  pages={2951--2959},
  year={2012}
}
%%%%%%%%%%%%%2013%%%%%%%%%%%
@inproceedings{patterson2013stochastic,
  title={Stochastic gradient Riemannian Langevin dynamics on the probability simplex},
  author={Patterson, Sam and Teh, Yee Whye},
  booktitle={Advances in Neural Information Processing Systems},
  pages={3102--3110},
  year={2013}
}

%%%%%%%%%%%%%2014%%%%%%%%%%%

@inproceedings{ahn2014distributed,
  title={Distributed stochastic gradient MCMC},
  author={Ahn, Sungjin and Shahbaba, Babak and Welling, Max},
  booktitle={Proceedings of the 31st International Conference on Machine Learning (ICML-14)},
  pages={1044--1052},
  year={2014}
}
@article{chen2014stochastic,
  title={Stochastic gradient hamiltonian monte carlo},
  author={Chen, Tianqi and Fox, Emily B and Guestrin, Carlos},
  journal={arXiv preprint arXiv:1402.4102},
  year={2014}
}
@inproceedings{ding2014bayesian,
  title={Bayesian sampling using stochastic gradient thermostats},
  author={Ding, Nan and Fang, Youhan and Babbush, Ryan and Chen, Changyou and Skeel, Robert D and Neven, Hartmut},
  booktitle={Advances in Neural Information Processing Systems},
  pages={3203--3211},
  year={2014}
}
@article{hoffman2014structured,
  title={Structured stochastic variational inference},
  author={Hoffman, Matthew D and Blei, David M},
  journal={arXiv preprint arXiv:1404.4114},
  year={2014}
}

@inproceedings{gal2014distributed,
  title={Distributed variational inference in sparse Gaussian process regression and latent variable models},
  author={Gal, Yarin and van der Wilk, Mark and Rasmussen, Carl},
  booktitle={Advances in Neural Information Processing Systems},
  pages={3257--3265},
  year={2014}
}
@inproceedings{ranganath2014black,
  title={$\{$Black Box Variational Inference$\}$},
  author={Ranganath, Rajesh and Gerrish, Sean and Blei, David},
  booktitle={Proceedings of the Seventeenth International Conference on Artificial Intelligence and Statistics},
  pages={814--822},
  year={2014}
}
@inproceedings{rezende2014stochastic,
  title={Stochastic Backpropagation and Approximate Inference in Deep Generative Models},
  author={Rezende, Danilo Jimenez and Mohamed, Shakir and Wierstra, Daan},
  booktitle={Proceedings of The 31st International Conference on Machine Learning},
  pages={1278--1286},
  year={2014}
}
@inproceedings{titsias2014doubly,
  title={Doubly stochastic variational bayes for non-conjugate inference},
  author={Titsias, Michalis and L{\'a}zaro-Gredilla, Miguel},
  booktitle={Proceedings of the 31st International Conference on Machine Learning (ICML-14)},
  pages={1971--1979},
  year={2014}
}
%%%%%%%%%%%%%2015%%%%%%%%%%%
@inproceedings{khan2015kullback,
  title={Kullback-Leibler Proximal Variational Inference},
  author={Khan, Mohammad E and Baqu{\'e}, Pierre and Fleuret, Fran{\c{c}}ois and Fua, Pascal},
  booktitle={Advances in Neural Information Processing Systems},
  pages={3384--3392},
  year={2015}
}
@article{korattikara2015bayesian,
  title={Bayesian Dark Knowledge},
  author={Korattikara, Anoop and Rathod, Vivek and Murphy, Kevin and Welling, Max},
  journal={arXiv preprint arXiv:1506.04416},
  year={2015}
}

@article{shah2015empirical,
  title={An Empirical Study of Stochastic Variational Algorithms for the Beta Bernoulli Process},
  author={Shah, Amar and Knowles, David A and Ghahramani, Zoubin},
  journal={arXiv preprint arXiv:1506.08180},
  year={2015}
}
@inproceedings{titsias2015local,
  title={Local Expectation Gradients for Black Box Variational Inference},
  author={Titsias, Michalis and L{\'a}zaro-Gredilla, Miguel},
  booktitle={Advances in Neural Information Processing Systems},
  pages={2620--2628},
  year={2015}
}
%%%%%%%2016%%%%%%%%%%%

@article{ibtm,
  title={Inter-Battery Topic Representation Learning},
  author={Cheng Zhang, Hedvig Kjellström},
  journal={arXiv preprint arXiv:1508.01774},
  year={2016}
}



@booklet{leijon2015-pattern-recognition,
  title        = {Pattern Recognition},
  author       = {Arne Leijon and Gustav Eje Henter}, 
  howpublished = {KTH},
  year         = 2015,
  note         = {Course EQ2340, KTH}
}

@article{bishop2006-pattern-recognition-machine-learning,
  title={Pattern Recognition},
  author={Bishop, Christopher M},
  journal={Machine Learning},
  year={2006}
}

@book{murphy2012-mlbook,
  title={Machine learning: a probabilistic perspective},
  author={Murphy, Kevin P},
  year={2012},
  publisher={MIT press}
}

@book{robert2013-montecarlo-book,
  title={Monte Carlo statistical methods},
  author={Robert, Christian and Casella, George},
  year={2013},
  publisher={Springer Science \& Business Media}
}

@article{deerwester1990-lsa,
  title={Indexing by latent semantic analysis},
  author={Deerwester, Scott and Dumais, Susan T and Furnas, George W and Landauer, Thomas K and Harshman, Richard},
  journal={Journal of the American society for information science},
  volume={41},
  number={6},
  pages={391},
  year={1990},
  publisher={American Documentation Institute}
}

@inproceedings{hofmann1999-plsa,
  title={Probabilistic latent semantic analysis},
  author={Hofmann, Thomas},
  booktitle={Proceedings of the Fifteenth conference on Uncertainty in artificial intelligence},
  pages={289--296},
  year={1999},
  organization={Morgan Kaufmann Publishers Inc.}
}

@inproceedings{wang2007-topic-ngram,
  title={Topical n-grams: Phrase and topic discovery, with an application to information retrieval},
  author={Wang, Xuerui and McCallum, Andrew and Wei, Xing},
  booktitle={Data Mining, 2007. ICDM 2007. Seventh IEEE International Conference on},
  pages={697--702},
  year={2007},
  organization={IEEE}
}

@article{Bengio2013-representation-learning,
  title={Representation learning: A review and new perspectives},
  author={Bengio, Yoshua and Courville, Aaron and Vincent, Pierre},
  journal={Pattern Analysis and Machine Intelligence, IEEE Transactions on},
  volume={35},
  number={8},
  pages={1798--1828},
  year={2013},
  publisher={IEEE}
}

@article{Blei2012-probabilistic-topic-models,
 author = {Blei, David M.},
 title = {Probabilistic Topic Models},
 journal = {Commun. ACM},
 issue_date = {April 2012},
 volume = {55},
 number = {4},
 month = apr,
 year = {2012},
 issn = {0001-0782},
 pages = {77--84},
 numpages = {8},
 url = {http://doi.acm.org/10.1145/2133806.2133826},
 doi = {10.1145/2133806.2133826},
 acmid = {2133826},
 publisher = {ACM},
 address = {New York, NY, USA},
}

@article{Blei2003-lda,
 author = {Blei, David M. and Ng, Andrew Y. and Jordan, Michael I.},
 title = {Latent Dirichlet Allocation},
 journal = {J. Mach. Learn. Res.},
 issue_date = {3/1/2003},
 volume = {3},
 month = mar,
 year = {2003},
 issn = {1532-4435},
 pages = {993--1022},
 numpages = {30},
 url = {http://dl.acm.org/citation.cfm?id=944919.944937},
 acmid = {944937},
 publisher = {JMLR.org},
}

@inproceedings{Blei2008-SLDA,
  title={Supervised topic models},
  author={Mcauliffe, Jon D and Blei, David M},
  booktitle={Advances in neural information processing systems},
  pages={121--128},
  year={2008}
}

@article{teh2012-hdp,
  title={Hierarchical dirichlet processes},
  author={Teh, Yee Whye and Jordan, Michael I and Beal, Matthew J and Blei, David M},
  journal={Journal of the american statistical association},
  year={2012},
  publisher={Taylor \& Francis}
}

@article{ferguson1973-dirichlet-process,
  title={A Bayesian analysis of some nonparametric problems},
  author={Ferguson, Thomas S},
  journal={The annals of statistics},
  pages={209--230},
  year={1973},
  publisher={JSTOR}
}

@misc{eisner2014-meanfield-intuition,
    title = {High-Level Explanation of Variational Inference},
    year = {2014},
    author = {Jason Eisner},
    howpublished = {\url{http://cs.jhu.edu/~jason/tutorials/variational}},
    note = {Accessed: 2016-03-16}
}

@techreport{ghahramani1997-structured-vi,
  title={On structured variational approximations},
  author={Ghahramani, Zoubin},
  year={1997},
  institution={Citeseer}
}

@article{van2008-tsne,
  title={Visualizing data using t-SNE},
  author={Van der Maaten, Laurens and Hinton, Geoffrey},
  journal={Journal of Machine Learning Research},
  volume={9},
  number={2579-2605},
  pages={85},
  year={2008}
}

@inproceedings{Blei2003-modeling-annotated-data,
 author = {Blei, David M. and Jordan, Michael I.},
 title = {Modeling Annotated Data},
 booktitle = {Proceedings of the 26th Annual International ACM SIGIR Conference on Research and Development in Informaion Retrieval},
 series = {SIGIR '03},
 year = {2003},
 isbn = {1-58113-646-3},
 location = {Toronto, Canada},
 pages = {127--134},
 numpages = {8},
 url = {http://doi.acm.org/10.1145/860435.860460},
 doi = {10.1145/860435.860460},
 acmid = {860460},
 publisher = {ACM},
 address = {New York, NY, USA},
 keywords = {automatic image annotation, empirical Bayes, image retrieval, probabilistic graphical models, variational methods},
}

@inproceedings{sivic2008-unsupervised-class-hierarchies,
  title={Unsupervised discovery of visual object class hierarchies},
  author={Sivic, Josef and Russell, Bryan C and Zisserman, Andrew and Freeman, William T and Efros, Alexei A},
  booktitle={Computer Vision and Pattern Recognition, 2008. CVPR 2008. IEEE Conference on},
  pages={1--8},
  year={2008},
  organization={IEEE}
}

@inproceedings{wang2009-simultaneous-classification-annotation,
  title={Simultaneous image classification and annotation},
  author={Wang, Chong and Blei, David and Li, Fei-Fei},
  booktitle={Computer Vision and Pattern Recognition, 2009. CVPR 2009. IEEE Conference on},
  pages={1903--1910},
  year={2009},
  organization={IEEE}
}

@inproceedings{feifei2005-bayesian-hierarchical-model,
  title={A bayesian hierarchical model for learning natural scene categories},
  author={Fei-Fei, Li and Perona, Pietro},
  booktitle={Computer Vision and Pattern Recognition, 2005. CVPR 2005. IEEE Computer Society Conference on},
  volume={2},
  pages={524--531},
  year={2005},
  organization={IEEE}
}

@article{tucker1958-interbattery-factoranalysis,
  title={An inter-battery method of factor analysis},
  author={Tucker, Ledyard R},
  journal={Psychometrika},
  volume={23},
  number={2},
  pages={111--136},
  year={1958},
  publisher={Springer}
}

@inproceedings{zhang2014-how-to-supervise-topic-models,
  title={How to Supervise Topic Models},
  author={Zhang, Cheng and Kjellstr{\"o}m, Hedvig},
  booktitle={Computer Vision-ECCV 2014 Workshops},
  pages={500--515},
  year={2014},
  organization={Springer}
}

@incollection{bosch2006-sceneclassification-plsa,
  title={Scene classification via pLSA},
  author={Bosch, Anna and Zisserman, Andrew and Mu{\~n}oz, Xavier},
  booktitle={Computer Vision--ECCV 2006},
  pages={517--530},
  year={2006},
  publisher={Springer}
}

@article{factorized-topic-models,
  author    = {Cheng Zhang and
               Carl Henrik Ek and
               Hedvig Kjellstr{\"{o}}m},
  title     = {Factorized Topic Models},
  journal   = {CoRR},
  volume    = {abs/1301.3461},
  year      = {2013},
  url       = {http://arxiv.org/abs/1301.3461},
  timestamp = {Fri, 01 Feb 2013 13:30:47 +0100},
  biburl    = {http://dblp.uni-trier.de/rec/bib/journals/corr/abs-1301-3461},
  bibsource = {dblp computer science bibliography, http://dblp.org}
}

@article{virtanen2012-factorized-multimodal,
  title={Factorized multi-modal topic model},
  author={Virtanen, Seppo and Jia, Yangqing and Klami, Arto and Darrell, Trevor},
  journal={arXiv preprint arXiv:1210.4920},
  year={2012}
}

@article{klami2015-group-factor-analysis,
  title={Group Factor Analysis},
  author={Klami, Arto and Virtanen, Seppo and Leppaaho, Eemeli and Kaski, Samuel},
  journal={Neural Networks and Learning Systems, IEEE Transactions on},
  volume={26},
  number={9},
  pages={2136--2147},
  year={2015},
  publisher={IEEE}
}

@inproceedings{jia2010-factorized-structured-sparsity,
  title={Factorized latent spaces with structured sparsity},
  author={Jia, Yangqing and Salzmann, Mathieu and Darrell, Trevor},
  booktitle={Advances in Neural Information Processing Systems},
  pages={982--990},
  year={2010}
}

@inproceedings{salem2016-analyzing-human-appearance,
  author={Tawfiq  Salem and Scott Workman and Menghua Zhai and Nathan Jacobs},
  title={{Analyzing Human Appearance as a Cue for Dating Images}},
  booktitle={{IEEE Winter Conference on Applications of Computer
    Vision (WACV)}},
  year=2016,
}

@incollection{gong2014-multiscale-cnn,
  title={Multi-scale orderless pooling of deep convolutional activation features},
  author={Gong, Yunchao and Wang, Liwei and Guo, Ruiqi and Lazebnik, Svetlana},
  booktitle={Computer Vision--ECCV 2014},
  pages={392--407},
  year={2014},
  publisher={Springer}
}

@inproceedings{razavian2014-cnn-off-the-shelf,
  title={CNN features off-the-shelf: an astounding baseline for recognition},
  author={Razavian, Ali and Azizpour, Hossein and Sullivan, Josephine and Carlsson, Stefan},
  booktitle={Proceedings of the IEEE Conference on Computer Vision and Pattern Recognition Workshops},
  pages={806--813},
  year={2014}
}

@incollection{zeiler2014-visualizing-cnns,
  title={Visualizing and understanding convolutional networks},
  author={Zeiler, Matthew D and Fergus, Rob},
  booktitle={Computer vision--ECCV 2014},
  pages={818--833},
  year={2014},
  publisher={Springer}
}

@article{lecun2015-deep-learning,
  title={Deep learning},
  author={LeCun, Yann and Bengio, Yoshua and Hinton, Geoffrey},
  journal={Nature},
  volume={521},
  number={7553},
  pages={436--444},
  year={2015},
  publisher={Nature Publishing Group}
}

@inproceedings{ginosar2015-yearbook-dataset,
  title={A Century of Portraits: A Visual Historical Record of American High School Yearbooks},
  author={Ginosar, Shiry and Rakelly, Kate and Sachs, Sarah and Yin, Brian and Efros, Alexei},
  booktitle={Proceedings of the IEEE International Conference on Computer Vision Workshops},
  pages={1--7},
  year={2015}
}

@inproceedings{deng2009-imagenet,
  title={Imagenet: A large-scale hierarchical image database},
  author={Deng, Jia and Dong, Wei and Socher, Richard and Li, Li-Jia and Li, Kai and Fei-Fei, Li},
  booktitle={Computer Vision and Pattern Recognition, 2009. CVPR 2009. IEEE Conference on},
  pages={248--255},
  year={2009},
  organization={IEEE}
}

@article{pritchard2000-genetics-topic-model,
  title={Inference of population structure using multilocus genotype data},
  author={Pritchard, Jonathan K and Stephens, Matthew and Donnelly, Peter},
  journal={Genetics},
  volume={155},
  number={2},
  pages={945--959},
  year={2000},
  publisher={Genetics Soc America}
}

@article{simonyan2014-vgg16,
  title={Very deep convolutional networks for large-scale image recognition},
  author={Simonyan, Karen and Zisserman, Andrew},
  journal={arXiv preprint arXiv:1409.1556},
  year={2014}
}

@article{lowe2004-sift,
  title={Distinctive image features from scale-invariant keypoints},
  author={Lowe, David G},
  journal={International journal of computer vision},
  volume={60},
  number={2},
  pages={91--110},
  year={2004},
  publisher={Springer}
}

@inproceedings{hoffman2010-online-lda,
  title={Online learning for latent dirichlet allocation},
  author={Hoffman, Matthew and Bach, Francis R and Blei, David M},
  booktitle={advances in neural information processing systems},
  pages={856--864},
  year={2010}
}

@inproceedings{wang2011-online-hdp,
  title={Online Variational Inference for the Hierarchical Dirichlet Process.},
  author={Wang, Chong and Paisley, John William and Blei, David M},
  booktitle={AISTATS},
  volume={2},
  year={2011}
}

@article{jordan1999-intro-variational-methods,
  title={An introduction to variational methods for graphical models},
  author={Jordan, Michael I and Ghahramani, Zoubin and Jaakkola, Tommi S and Saul, Lawrence K},
  journal={Machine learning},
  volume={37},
  number={2},
  pages={183--233},
  year={1999},
  publisher={Springer}
}

@book{gelman2014-bayesian-data-analysis,
  title={Bayesian data analysis},
  author={Gelman, Andrew and Carlin, John B and Stern, Hal S and Rubin, Donald B},
  volume={2},
  year={2014},
  publisher={Taylor \& Francis}
}

@phdthesis{mackay1992-bayesian-occam,
  title={Bayesian methods for adaptive models},
  author={MacKay, David JC},
  year={1992},
  school={California Institute of Technology}
}

@techreport{murray2005-note-on-occams,
  title={A note on the evidence and {B}ayesian {O}ccam's razor},
  author={Iain Murray and Zoubin Ghahramani},
  number={GCNU-TR 2005-003},
  institution={Gatsby Computational Neuroscience Unit, University College London},
  year={2005}
}

@inproceedings{asuncion2009-smoothing,
  title={On smoothing and inference for topic models},
  author={Asuncion, Arthur and Welling, Max and Smyth, Padhraic and Teh, Yee Whye},
  booktitle={Proceedings of the Twenty-Fifth Conference on Uncertainty in Artificial Intelligence},
  pages={27--34},
  year={2009},
  organization={AUAI Press}
}

@article{datta2015-ad-privacy,
  title={Automated experiments on Ad privacy settings},
  author={Datta, Amit and Tschantz, Michael Carl and Datta, Anupam},
  journal={Proceedings on Privacy Enhancing Technologies},
  volume={2015},
  number={1},
  pages={92--112},
  year={2015}
}

@article{scikit-learn,
 title={Scikit-learn: Machine Learning in {P}ython},
 author={Pedregosa, F. and Varoquaux, G. and Gramfort, A. and Michel, V.
         and Thirion, B. and Grisel, O. and Blondel, M. and Prettenhofer, P.
         and Weiss, R. and Dubourg, V. and Vanderplas, J. and Passos, A. and
         Cournapeau, D. and Brucher, M. and Perrot, M. and Duchesnay, E.},
 journal={Journal of Machine Learning Research},
 volume={12},
 pages={2825--2830},
 year={2011}
}

@misc{amos2016-openface,
    title        = {{OpenFace: Face Recognition with Deep Neural Networks}},
    year         = {2016},
    author       = {Amos, Brandon and Ludwiczuk, Bartosz and Harkes, Jan and
                    Pillai, Padmanabhan and Elgazzar, Khalid and Satyanarayanan, Mahadev},
    howpublished = {\url{http://github.com/cmusatyalab/openface}},
    note         = {Accessed: 2016-01-11}
}



