% Here are all the references of this thesis -- Akshaya


@inproceedings{salakhutdinov2009deep,
  title={Deep boltzmann machines},
  author={Salakhutdinov, Ruslan and Hinton, Geoffrey E},
  booktitle={International Conference on Artificial Intelligence and Statistics},
  pages={448--455},
  year={2009}
}